@article{Collins2003,
  title={The Human Genome Project: lessons from large-scale biology},
  author={Collins, Francis S. and Morgan, Michael and Patrinos, Ari},
  journal={Science},
  volume={300},
  number={5617},
  pages={286-290},
  year={2003},
  publisher={American Association for the Advancement of Science},
  doi={10.1126/science.1084564}
}

@misc{Wetterstrand2022,
  author={Wetterstrand, KA},
  title={DNA Sequencing Costs: Data from the NHGRI Genome Sequencing Program (GSP)},
  year={2022},
  url={https://www.genome.gov/about-genomics/fact-sheets/DNA-Sequencing-Costs-Data}
}

@article{Bycroft2018,
  title={The UK Biobank resource with deep phenotyping and genomic data},
  author={Bycroft, Clare and Freeman, Colin and Petkova, Desislava and Band, Gavin and Elliott, Lorna T and Sharp, Krystal and Motyer, Alexandra and Vukcevic, Damjan and Delaneau, Olivier and O'Connell, Jeffrey and others},
  journal={Nature},
  volume={562},
  number={7726},
  pages={203--209},
  year={2018},
  publisher={Nature Publishing Group}
}

@article{Cann2002,
  title={A human genome diversity cell line panel},
  author={Cann, Howard M and De Toma, Claudia and Cazes, Louise and Legrand, Marie-Fran{\c{c}}oise and Morel, Vincent and Piouffre, Laetitia and Bodmer, John and Bonne-Tamir, Batsheva and Cambon-Thomsen, Anne and Chen, Zhengming and others},
  journal={Science},
  volume={296},
  number={5566},
  pages={261--262},
  year={2002},
  publisher={American Association for the Advancement of Science}
}

@article{10002015,
  title={A global reference for human genetic variation},
  author={The 1000 Genomes Project Consortium and others},
  journal={Nature},
  volume={526},
  number={7571},
  pages={68--74},
  year={2015},
  publisher={Nature Publishing Group}
}

@article{Visscher2017,
  title={10 years of GWAS discovery: biology, function, and translation},
  author={Visscher, Peter M and Wray, Naomi R and Zhang, Qian and Sklar, Pamela and McCarthy, Mark I and Brown, Matthew A and Yang, Jian},
  journal={American Journal of Human Genetics},
  volume={101},
  number={1},
  pages={5--22},
  year={2017},
  publisher={Elsevier}
}

@article{Speidel2019,
  title={A method for genome-wide genealogy estimation for thousands of samples},
  author={Speidel, Laura and Forest, Maxime and Shi, Shiyao and Myers, Simon R},
  journal={Nature Genetics},
  volume={51},
  number={9},
  pages={1321--1329},
  year={2019},
  publisher={Nature Publishing Group}
}

@article{Kong2012,
  title={Rate of de novo mutations and the importance of father's age to disease risk},
  author={Kong, Augustine and Frigge, Michael L and Masson, Gisli and Besenbacher, Soren and Sulem, Patrick and Magnusson, G Bragi and Gudjonsson, Sigurjon A and Sigurdsson, Asgeir and Jonasdottir, Aslaug and Jonasdottir, Adalbjorg and others},
  journal={Nature},
  volume={488},
  number={7412},
  pages={471--475},
  year={2012},
  publisher={Nature Publishing Group}
}

@article{Harris2019,
  title={Recent advances in understanding de novo mutation through sequencing whole genomes},
  author={Harris, Kelley and Pritchard, Jonathan K},
  journal={Nature Reviews Genetics},
  volume={20},
  number={10},
  pages={551--564},
  year={2019},
  publisher={Nature Publishing Group}
}

@article{Baudat2010,
  title={PRDM9 is a major determinant of meiotic recombination hotspots in humans and mice},
  author={Baudat, Fr{\'e}d{\'e}ric and Buard, Jacques and Grey, Christopher and Fledel-Alon, Adi and Ober, Carol and Przeworski, Molly and Coop, Graham and de Massy, Bernard},
  journal={Science},
  volume={327},
  number={5967},
  pages={836--840},
  year={2010},
  publisher={American Association for the Advancement of Science}
}

@article{smith2004high,
  title={A high-density admixture map for disease gene discovery in African Americans},
  author={Smith, Michael W and Patterson, Nick and Lautenberger, James A and Truelove, Ann L and McDonald, Gavin J and Waliszewska, Alicja and Kessing, Bailey D and Malasky, Michael J and Scafe, Charles and Le, Ernest and others},
  journal={The American Journal of Human Genetics},
  volume={74},
  number={5},
  pages={1001--1013},
  year={2004},
  publisher={Elsevier}
}

@article{price2009sensitive,
  title={Sensitive detection of chromosomal segments of distinct ancestry in admixed populations},
  author={Price, Alkes L and Tandon, Arti and Patterson, Nick and Barnes, Kathleen C and Rafaels, Nicholas and Ruczinski, Ingo and Beaty, Terri H and Mathias, Rasika and Reich, David and Myers, Simon},
  journal={PLoS genetics},
  volume={5},
  number={6},
  pages={e1000519},
  year={2009},
  publisher={Public Library of Science San Francisco, USA}
}

@article{bozarth2011coyote,
  title={Coyote colonization of northern Virginia and admixture with Great Lakes wolves},
  author={Bozarth, Christine A and Hailer, Frank and Rockwood, Larry L and Edwards, Cody W and Maldonado, Jes{\'u}s E},
  journal={Journal of Mammalogy},
  volume={92},
  number={5},
  pages={1070--1080},
  year={2011},
  publisher={American Society of Mammalogists 810 East 10th Street, PO Box 1897, Lawrence~…}
}
@article{hellenthal2014genetic,
  title={A genetic atlas of human admixture history},
  author={Hellenthal, Garrett and Busby, George BJ and Band, Gavin and Wilson, James F and Capelli, Cristian and Falush, Daniel and Myers, Simon},
  journal={science},
  volume={343},
  number={6172},
  pages={747--751},
  year={2014},
  publisher={American Association for the Advancement of Science}
}

@article{Kingman1982,
  title={The coalescent},
  author={Kingman, JFC},
  journal={Stochastic Processes and their Applications},
  volume={13},
  number={3},
  pages={235--248},
  year={1982},
  publisher={Elsevier}
}

@article{Kingman1982b,
  title={On the genealogy of large populations},
  author={Kingman, JFC},
  journal={Journal of Applied Probability},
  volume={19},
  pages={27--43},
  year={1982},
  publisher={Cambridge University Press}
}

@article{Kingman1982c,
  title={Exchangeability and the evolution of large populations},
  author={Kingman, JFC},
  journal={Modern Biology},
  volume={23},
  pages={97--112},
  year={1982},
  publisher={Springer}
}

@article{Fisher1930,
  title={The Genetical Theory of Natural Selection},
  author={Fisher, R.A.},
  journal={Oxford University Press},
  year={1930}
}

@article{Wright1931,
  title={Evolution in Mendelian Populations},
  author={Wright, Sewall},
  journal={Genetics},
  volume={16},
  number={2},
  pages={97--159},
  year={1931},
  publisher={Genetics Society of America}
}

@article{Hudson1983,
  title={Properties of a neutral allele model with intragenic recombination},
  author={Hudson, Richard R},
  journal={Theoretical Population Biology},
  volume={23},
  number={2},
  pages={183--201},
  year={1983},
  publisher={Elsevier}
}

@article{Griffiths1997,
  title={Ancestral inference from gene trees},
  author={Griffiths, Robert C and Marjoram, Paul},
  journal={Statistical Science},
  volume={13},
  number={1},
  pages={1--16},
  year={1997},
  publisher={Institute of Mathematical Statistics}
}

@article{wong2023general,
  title={A general and efficient representation of ancestral recombination graphs},
  author={Wong, Yan and Ignatieva, Anastasia and Koskela, Jere and Gorjanc, Gregor and Wohns, Anthony W and Kelleher, Jerome},
  journal={BioRxiv},
  year={2023},
  publisher={Cold Spring Harbor Laboratory Preprints}
}

@article{Pritchard2000,
  title={Inference of population structure using multilocus genotype data},
  author={Pritchard, Jonathan K and Stephens, Matthew and Donnelly, Peter},
  journal={Genetics},
  volume={155},
  number={2},
  pages={945--959},
  year={2000},
  publisher={Genetics Society of America}
}

@article{Alexander2009,
  title={Fast model-based estimation of ancestry in unrelated individuals},
  author={Alexander, David H and Novembre, John and Lange, Ken},
  journal={Genome Research},
  volume={19},
  number={9},
  pages={1655--1664},
  year={2009},
  publisher={Cold Spring Harbor Lab}
}

@article{Lawson2012,
  title={Inference of population structure using dense haplotype data},
  author={Lawson, Daniel J and Hellenthal, Garrett and Myers, Simon and Falush, Daniel},
  journal={PLoS Genetics},
  volume={8},
  number={1},
  pages={e1002453},
  year={2012},
  publisher={Public Library of Science}
}

@article{Wright1951,
  title={The genetical structure of populations},
  author={Wright, Sewall},
  journal={Annals of Eugenics},
  volume={15},
  number={1},
  pages={323--354},
  year={1951},
  publisher={Wiley Online Library}
}

@book{Malecot1948,
  title={Les Mathématiques de l'Hérédité},
  author={Malécot, Gustave},
  year={1948},
  publisher={Masson et Cie}
}

@article{Cann1987,
  title={Mitochondrial DNA and human evolution},
  author={Cann, Rebecca L and Stoneking, Mark and Wilson, Allan C},
  journal={Nature},
  volume={325},
  number={6099},
  pages={31--36},
  year={1987},
  publisher={Nature Publishing Group}
}

@article{tilford2001physical,
  title={A physical map of the human Y chromosome},
  author={Tilford, Charles A and Kuroda-Kawaguchi, Tomoko and Skaletsky, Helen and Rozen, Steve and Brown, Laura G and Rosenberg, Michael and McPherson, John D and Wylie, Kristine and Sekhon, Mandeep and Kucaba, Tamara A and others},
  journal={Nature},
  volume={409},
  number={6822},
  pages={943--945},
  year={2001},
  publisher={Nature Publishing Group UK London}
}

@article{Blei2003,
  title={Latent Dirichlet Allocation},
  author={Blei, David M and Ng, Andrew Y and Jordan, Michael I},
  journal={Journal of Machine Learning Research},
  volume={3},
  pages={993--1022},
  year={2003},
  publisher={MIT Press}
}

@article{Raj2014,
  title={fastSTRUCTURE: Variational Inference of Population Structure in Large SNP Data Sets},
  author={Raj, Anil and Stephens, Matthew and Pritchard, Jonathan K},
  journal={Genetics},
  volume={197},
  number={2},
  pages={573--589},
  year={2014},
  publisher={Genetics Society of America}
}

@article{Patterson2006,
  title={Population structure and eigenanalysis},
  author={Patterson, Nick and Price, Alkes L and Reich, David},
  journal={PLoS Genetics},
  volume={2},
  number={12},
  pages={e190},
  year={2006},
  publisher={Public Library of Science}
}

@article{Price2006,
  title={Principal components analysis corrects for stratification in genome-wide association studies},
  author={Price, Alkes L and Patterson, Nick J and Plenge, Robert M and Weinblatt, Michael E and Shadick, Nancy A and Reich, David},
  journal={Nature Genetics},
  volume={38},
  number={8},
  pages={904--909},
  year={2006},
  publisher={Nature Publishing Group}
}

@article{novembre2008interpreting,
  title={Interpreting principal component analyses of spatial population genetic variation},
  author={Novembre, John and Stephens, Matthew},
  journal={Nature genetics},
  volume={40},
  number={5},
  pages={646--649},
  year={2008},
  publisher={Nature Publishing Group US New York}
}
@article{menozzi1978synthetic,
  title={Synthetic Maps of Human Gene Frequencies in Europeans: These maps indicate that early farmers of the Near East spread to all of Europe in the Neolithic.},
  author={Menozzi, Paolo and Piazza, Alberto and Cavalli-Sforza, Luigi},
  journal={Science},
  volume={201},
  number={4358},
  pages={786--792},
  year={1978},
  publisher={American Association for the Advancement of Science}
}
@article{Li2003,
  title={Modelling Linkage Disequilibrium and Identifying Recombination Hotspots Using Single-Nucleotide Polymorphism Data},
  author={Li, N. and Stephens, M.},
  journal={Genetics},
  volume={165},
  number={4},
  pages={2213--2233},
  year={2003},
  publisher={Genetics Society of America}
}
@article{maples2013rfmix,
  title={RFMix: a discriminative modeling approach for rapid and robust local-ancestry inference},
  author={Maples, Brian K and Gravel, Simon and Kenny, Eimear E and Bustamante, Carlos D},
  journal={The American Journal of Human Genetics},
  volume={93},
  number={2},
  pages={278--288},
  year={2013},
  publisher={Elsevier}
}
@article{browning2023fast,
  title={Fast, accurate local ancestry inference with FLARE},
  author={Browning, Sharon R and Waples, Ryan K and Browning, Brian L},
  journal={The American Journal of Human Genetics},
  volume={110},
  number={2},
  pages={326--335},
  year={2023},
  publisher={Elsevier}
}

@article{salter2019fine,
  title={Fine-scale inference of ancestry segments without prior knowledge of admixing groups},
  author={Salter-Townshend, Michael and Myers, Simon},
  journal={Genetics},
  volume={212},
  number={3},
  pages={869--889},
  year={2019},
  publisher={Oxford University Press}
}
@article{reich2009reconstructing,
  title={Reconstructing Indian population history},
  author={Reich, David and Thangaraj, Kumarasamy and Patterson, Nick and Price, Alkes L and Singh, Lalji},
  journal={Nature},
  volume={461},
  number={7263},
  pages={489--494},
  year={2009},
  publisher={Nature Publishing Group UK London}
}
@article{reich2012reconstructing,
  title={Reconstructing native American population history},
  author={Reich, David and Patterson, Nick and Campbell, Desmond and Tandon, Arti and Mazieres, St{\'e}phane and Ray, Nicolas and Parra, Maria V and Rojas, Winston and Duque, Constanza and Mesa, Natalia and others},
  journal={Nature},
  volume={488},
  number={7411},
  pages={370--374},
  year={2012},
  publisher={Nature Publishing Group UK London}
}
@article{patterson2012ancient,
  title={Ancient admixture in human history},
  author={Patterson, Nick and Moorjani, Priya and Luo, Yontao and Mallick, Swapan and Rohland, Nadin and Zhan, Yiping and Genschoreck, Teri and Webster, Teresa and Reich, David},
  journal={Genetics},
  volume={192},
  number={3},
  pages={1065--1093},
  year={2012},
  publisher={Oxford University Press}
}
@article{haak2015massive,
  title={Massive migration from the steppe was a source for Indo-European languages in Europe},
  author={Haak, Wolfgang and Lazaridis, Iosif and Patterson, Nick and Rohland, Nadin and Mallick, Swapan and Llamas, Bastien and Brandt, Guido and Nordenfelt, Susanne and Harney, Eadaoin and Stewardson, Kristin and others},
  journal={Nature},
  volume={522},
  number={7555},
  pages={207--211},
  year={2015},
  publisher={Nature Publishing Group UK London}
}
@article{durand2011testing,
  title={Testing for ancient admixture between closely related populations},
  author={Durand, Eric Y and Patterson, Nick and Reich, David and Slatkin, Montgomery},
  journal={Molecular biology and evolution},
  volume={28},
  number={8},
  pages={2239--2252},
  year={2011},
  publisher={Oxford University Press}
}
@article{peter2022geometric,
  title={A geometric relationship of F 2, F 3 and F 4-statistics with principal component analysis},
  author={Peter, Benjamin M},
  journal={Philosophical Transactions of the Royal Society B},
  volume={377},
  number={1852},
  pages={20200413},
  year={2022},
  publisher={The Royal Society}
}

@article{rasmussen2014genome,
  title={Genome-wide inference of ancestral recombination graphs},
  author={Rasmussen, Matthew D and Hubisz, Melissa J and Gronau, Ilan and Siepel, Adam},
  journal={PLoS genetics},
  volume={10},
  number={5},
  pages={e1004342},
  year={2014},
  publisher={Public Library of Science San Francisco, USA}
}

@article{mcvean2005approximating,
  title={Approximating the coalescent with recombination},
  author={McVean, Gilean AT and Cardin, Niall J},
  journal={Philosophical Transactions of the Royal Society B: Biological Sciences},
  volume={360},
  number={1459},
  pages={1387--1393},
  year={2005},
  publisher={The Royal Society London}
}

@article{Kelleher2019,
  title={Inferring whole-genome histories in large population datasets},
  author={Kelleher, Jerome and Wong, Yvonne and Wohns, Anthony W and Fadil, Chloe and Albers, Patrick K and McVean, Gil},
  journal={Nature Genetics},
  volume={51},
  number={9},
  pages={1330--1338},
  year={2019},
  publisher={Nature Publishing Group}
}

@article{wohns2022unified,
  title={A unified genealogy of modern and ancient genomes},
  author={Wohns, Anthony Wilder and Wong, Yan and Jeffery, Ben and Akbari, Ali and Mallick, Swapan and Pinhasi, Ron and Patterson, Nick and Reich, David and Kelleher, Jerome and McVean, Gil},
  journal={Science},
  volume={375},
  number={6583},
  pages={eabi8264},
  year={2022},
  publisher={American Association for the Advancement of Science}
}

@article{zhang2023biobank,
  title={Biobank-scale inference of ancestral recombination graphs enables genealogical analysis of complex traits},
  author={Zhang, Brian C and Biddanda, Arjun and Gunnarsson, {\'A}rni Freyr and Cooper, Fergus and Palamara, Pier Francesco},
  journal={Nature Genetics},
  volume={55},
  number={5},
  pages={768--776},
  year={2023},
  publisher={Nature Publishing Group US New York}
}

@article{palamara2018high,
  title={High-throughput inference of pairwise coalescence times identifies signals of selection and enriched disease heritability},
  author={Palamara, Pier Francesco and Terhorst, Jonathan and Song, Yun S and Price, Alkes L},
  journal={Nature Genetics},
  volume={50},
  number={9},
  pages={1311--1317},
  year={2018},
  publisher={Nature Publishing Group US New York}
}

@article{deng2024robust,
  title={Robust and accurate bayesian inference of genome-wide genealogies for large samples},
  author={Deng, Yun and Nielsen, Rasmus and Song, Yun S},
  journal={bioRxiv},
  pages={2024--03},
  year={2024},
  publisher={Cold Spring Harbor Laboratory}
}

@article{brandt2022evaluation,
  title={Evaluation of methods for the inference of ancestral recombination graphs},
  author={Brandt, D{\'e}bora YC and Wei, Xinzhu and Deng, Yun and Vaughn, Andrew H and Nielsen, Rasmus},
  journal={Genetics},
  volume={221},
  number={1},
  year={2022}
}

@article{brandt2024promise,
  title={The promise of inferring the past using the ancestral recombination graph},
  author={Brandt, D{\'e}bora YC and Huber, Christian D and Chiang, Charleston WK and Ortega-Del Vecchyo, Diego},
  journal={Genome biology and evolution},
  volume={16},
  number={2},
  pages={evae005},
  year={2024},
  publisher={Oxford University Press US}
}
@article{field2016detection,
  title={Detection of human adaptation during the past 2000 years},
  author={Field, Yair and Boyle, Evan A and Telis, Natalie and Gao, Ziyue and Gaulton, Kyle J and Golan, David and Yengo, Loic and Rocheleau, Ghislain and Froguel, Philippe and McCarthy, Mark I and others},
  journal={Science},
  volume={354},
  number={6313},
  pages={760--764},
  year={2016},
  publisher={American Association for the Advancement of Science}
}
@article{speidel2024high,
  title={High-resolution genomic ancestry reveals mobility in early medieval Europe},
  author={Speidel, Leo and Silva, Marina and Booth, Thomas and Raffield, Ben and Anastasiadou, Kyriaki and Barrington, Christopher and Gotherstrom, Anders and Heather, Peter and Skoglund, Pontus},
  journal={bioRxiv},
  pages={2024--03},
  year={2024},
  publisher={Cold Spring Harbor Laboratory}
}

@article{fan2023likelihood,
  title={A likelihood-based framework for demographic inference from genealogical trees},
  author={Fan, Caoqi and Cahoon, Jordan L and Dinh, Bryan L and Ortega-Del Vecchyo, Diego and Huber, Christian and Edge, Michael D and Mancuso, Nicholas and Chiang, Charleston WK},
  journal={bioRxiv},
  year={2023},
  publisher={Cold Spring Harbor Laboratory Preprints}
}

@article{Gusella1983,
  title={A polymorphic DNA marker genetically linked to Huntington's disease},
  author={Gusella, James F and Wexler, Nancy S and Conneally, Peter M and Naylor, Stephen L and Anderson, Michael A and Tanzi, Rudolph E and Watkins, Philip C and Ottina, Kathy and Wallace, Mark R and Sakaguchi, Alice Y and others},
  journal={Nature},
  volume={306},
  number={5940},
  pages={234--238},
  year={1983},
  publisher={Nature Publishing Group}
}

@article{WTCCC2007,
  title={Genome-wide association study of 14,000 cases of seven common diseases and 3,000 shared controls},
  author={The Wellcome Trust Case Control Consortium},
  journal={Nature},
  volume={447},
  number={7145},
  pages={661--678},
  year={2007},
  publisher={Nature Publishing Group}
}

@article{Visscher2008,
  title={Heritability in the genomics era--concepts and misconceptions},
  author={Visscher, Peter M and Hill, William G and Wray, Naomi R},
  journal={Nature Reviews Genetics},
  volume={9},
  number={4},
  pages={255--266},
  year={2008},
  publisher={Nature Publishing Group}
}

@misc{Neale2017,
  author={Neale, Benjamin},
  title={Heritability 101: What is heritability?},
  year={2017},
  url={http://www.nealelab.is/blog/2017/9/13/heritability-101-what-is-heritability#:~:text=For%20example%2C%20the%20heritability%20of,all%20the%20relevant%20genetic%20effects},
  note={Accessed: 2024-07-13}
}

@misc{Gusev2021,
  author={Gusev, Alexander},
  title={Heritability: Project Hsq},
  year={2021},
  url={http://gusevlab.org/projects/hsq/},
  note={Accessed: 2024-07-13}
}

@misc{GWASCatalog,
  author = {{NHGRI-EBI GWAS Catalog}},
  title = {The NHGRI-EBI GWAS Catalog},
  year = {2024},
  url = {https://www.ebi.ac.uk/gwas/},
  note = {Accessed: 2024-07-13}
}

@article{rusina2023genetic,
  title={Genetic support for FDA-approved drugs over the past decade.},
  author={Rusina, Polina V and Falaguera, Maria J and Romero, Juan Maria R and McDonagh, Ellen M and Dunham, Ian and Ochoa, David},
  journal={Nature reviews. Drug Discovery},
  year={2023}
}
@article{abdellaoui202315,
  title={15 years of GWAS discovery: realizing the promise},
  author={Abdellaoui, Abdel and Yengo, Loic and Verweij, Karin JH and Visscher, Peter M},
  journal={The American Journal of Human Genetics},
  volume={110},
  number={2},
  pages={179--194},
  year={2023},
  publisher={Elsevier}
}

@article{teumer2019genome,
  title={Genome-wide association meta-analyses and fine-mapping elucidate pathways influencing albuminuria},
  author={Teumer, Alexander and Li, Yong and Ghasemi, Sahar and Prins, Bram P and Wuttke, Matthias and Hermle, Tobias and Giri, Ayush and Sieber, Karsten B and Qiu, Chengxiang and Kirsten, Holger and others},
  journal={Nature communications},
  volume={10},
  number={1},
  pages={4130},
  year={2019},
  publisher={Nature Publishing Group UK London}
}

@article{bakris2020effect,
  title={Effect of finerenone on chronic kidney disease outcomes in type 2 diabetes},
  author={Bakris, George L and Agarwal, Rajiv and Anker, Stefan D and Pitt, Bertram and Ruilope, Luis M and Rossing, Peter and Kolkhof, Peter and Nowack, Christina and Schloemer, Patrick and Joseph, Amer and others},
  journal={New England journal of medicine},
  volume={383},
  number={23},
  pages={2219--2229},
  year={2020},
  publisher={Mass Medical Soc}
}

@article{horowitz2022genome,
  title={Genome-wide analysis provides genetic evidence that ACE2 influences COVID-19 risk and yields risk scores associated with severe disease},
  author={Horowitz, Julie E and Kosmicki, Jack A and Damask, Amy and Sharma, Deepika and Roberts, Genevieve HL and Justice, Anne E and Banerjee, Nilanjana and Coignet, Marie V and Yadav, Ashish and Leader, Joseph B and others},
  journal={Nature genetics},
  volume={54},
  number={4},
  pages={382--392},
  year={2022},
  publisher={Nature Publishing Group US New York}
}

@article{favalli2020baricitinib,
  title={Baricitinib for COVID-19: a suitable treatment?},
  author={Favalli, Ennio G and Biggioggero, Martina and Maioli, Gabriella and Caporali, Roberto},
  journal={The Lancet Infectious Diseases},
  volume={20},
  number={9},
  pages={1012--1013},
  year={2020},
  publisher={Elsevier}
}

@article{selvaraj2022baricitinib,
  title={Baricitinib in hospitalised patients with COVID-19: A meta-analysis of randomised controlled trials},
  author={Selvaraj, Vijairam and Finn, Arkadiy and Lal, Amos and Khan, Mohammad Saud and Dapaah-Afriyie, Kwame and Carino, Gerardo P},
  journal={EClinicalMedicine},
  volume={49},
  year={2022},
  publisher={Elsevier}
}

@article{torkamani2018personal,
  title={The personal and clinical utility of polygenic risk scores},
  author={Torkamani, Ali and Wineinger, Nathan E and Topol, Eric J},
  journal={Nature Reviews Genetics},
  volume={19},
  number={9},
  pages={581--590},
  year={2018},
  publisher={Nature Publishing Group UK London}
}
@article{solovieff2013pleiotropy,
  title={Pleiotropy in complex traits: challenges and strategies},
  author={Solovieff, Nadia and Cotsapas, Chris and Lee, Phil H and Purcell, Shaun M and Smoller, Jordan W},
  journal={Nature Reviews Genetics},
  volume={14},
  number={7},
  pages={483--495},
  year={2013},
  publisher={Nature Publishing Group UK London}
}
@article{listgarten2012improved,
  title={Improved linear mixed models for genome-wide association studies},
  author={Listgarten, Jennifer and Lippert, Christoph and Kadie, Carl M and Davidson, Robert I and Eskin, Eleazar and Heckerman, David},
  journal={Nature methods},
  volume={9},
  number={6},
  pages={525--526},
  year={2012},
  publisher={Nature Publishing Group}
}
@article{yang2014advantages,
  title={Advantages and pitfalls in the application of mixed-model association methods},
  author={Yang, Jian and Zaitlen, Noah A and Goddard, Michael E and Visscher, Peter M and Price, Alkes L},
  journal={Nature genetics},
  volume={46},
  number={2},
  pages={100--106},
  year={2014},
  publisher={Nature Publishing Group}
}
@article{loh2015efficient,
  title={Efficient Bayesian mixed-model analysis increases association power in large cohorts},
  author={Loh, Po-Ru and Tucker, George and Bulik-Sullivan, Brendan K and Vilhjalmsson, Bjarni J and Finucane, Hilary K and Salem, Rany M and Chasman, Daniel I and Ridker, Paul M and Neale, Benjamin M and Berger, Bonnie and others},
  journal={Nature genetics},
  volume={47},
  number={3},
  pages={284--290},
  year={2015},
  publisher={Nature Publishing Group}
}
@article{loh2018mixed,
  title={Mixed-model association for biobank-scale datasets},
  author={Loh, Po-Ru and Kichaev, Gleb and Gazal, Steven and Schoech, Armin P and Price, Alkes L},
  journal={Nature genetics},
  volume={50},
  number={7},
  pages={906--908},
  year={2018},
  publisher={Nature Publishing Group}
}
@article{jiang2019resource,
  title={A resource-efficient tool for mixed model association analysis of large-scale data},
  author={Jiang, Longda and Zheng, Zhili and Qi, Ting and Kemper, Kathryn E and Wray, Naomi R and Visscher, Peter M and Yang, Jian},
  journal={Nature genetics},
  volume={51},
  number={12},
  pages={1749--1755},
  year={2019},
  publisher={Nature Publishing Group}
}
@article{mbatchou2021computationally,
  title={Computationally efficient whole-genome regression for quantitative and binary traits},
  author={Mbatchou, Joelle and Barnard, Leland and Backman, Joshua and Marcketta, Anthony and Kosmicki, Jack A and Ziyatdinov, Andrey and Benner, Christian and O’Dushlaine, Colm and Barber, Mathew and Boutkov, Boris and others},
  journal={Nature genetics},
  volume={53},
  number={7},
  pages={1097--1103},
  year={2021},
  publisher={Nature Publishing Group}
}
@article{pazokitoroudi2020efficient,
  title={Efficient variance components analysis across millions of genomes},
  author={Pazokitoroudi, Ali and Wu, Yue and Burch, Kathryn S and Hou, Kangcheng and Zhou, Aaron and Pasaniuc, Bogdan and Sankararaman, Sriram},
  journal={Nature communications},
  volume={11},
  number={1},
  pages={1--10},
  year={2020},
  publisher={Nature Publishing Group}
}
@article{yiorgos2023,
  title={Fast association testing using large-scale ancestral recombination graphs},
  author={Zhu, Jiazheng and Kalantzis, Georgios and Pazokitoroudi, Ali and Loya, Hrushikesh and Chen, Han and Sankararaman, Sriram and Palamara, Pier Francesco},
  year={in preparation}
}
@misc{alma991025317822307026,
author = {Kalantzis, Georgios},
copyright = {Open access},
keywords = {Statistical genetics},
organization = {PhD thesis, University of Oxford},
title = {``{M}ethods for large-scale genome-wide association studies"},
year = {2022},
}
@article{wu2018scalable,
  title={A scalable estimator of SNP heritability for biobank-scale data},
  author={Wu, Yue and Sankararaman, Sriram},
  journal={Bioinformatics},
  volume={34},
  number={13},
  pages={i187--i194},
  year={2018},
  publisher={Oxford University Press}
}
@article{chang2015second,
  title={Second-generation PLINK: rising to the challenge of larger and richer datasets},
  author={Chang, Christopher C and Chow, Carson C and Tellier, Laurent CAM and Vattikuti, Shashaank and Purcell, Shaun M and Lee, James J},
  journal={Gigascience},
  volume={4},
  number={1},
  pages={s13742--015},
  year={2015},
  publisher={Oxford University Press}
}
@article{purcell2007plink,
  title={PLINK: a tool set for whole-genome association and population-based linkage analyses},
  author={Purcell, Shaun and Neale, Benjamin and Todd-Brown, Kathe and Thomas, Lori and Ferreira, Manuel AR and Bender, David and Maller, Julian and Sklar, Pamela and De Bakker, Paul IW and Daly, Mark J and others},
  journal={The American journal of human genetics},
  volume={81},
  number={3},
  pages={559--575},
  year={2007},
  publisher={Elsevier}
}
@article{rivas2024efficient,
  title={Efficient storage and regression computation for population-scale genome sequencing studies},
  author={Rivas, Manuel A and Chang, Christopher},
  journal={bioRxiv},
  year={2024},
  publisher={Cold Spring Harbor Laboratory Preprints}
}

@article{kang2010variance,
  title={Variance component model to account for sample structure in genome-wide association studies},
  author={Kang, Hyun Min and Sul, Jae Hoon and Service, Susan K and Zaitlen, Noah A and Kong, Sit-yee and Freimer, Nelson B and Sabatti, Chiara and Eskin, Eleazar},
  journal={Nature genetics},
  volume={42},
  number={4},
  pages={348--354},
  year={2010},
  publisher={Nature Publishing Group US New York}
}
@article{kang2008efficient,
  title={Efficient control of population structure in model organism association mapping},
  author={Kang, Hyun Min and Zaitlen, Noah A and Wade, Claire M and Kirby, Andrew and Heckerman, David and Daly, Mark J and Eskin, Eleazar},
  journal={Genetics},
  volume={178},
  number={3},
  pages={1709--1723},
  year={2008},
  publisher={Oxford University Press}
}
@article{listgarten2013fast,
  title={FaST-LMM-Select for addressing confounding from spatial structure and rare variants},
  author={Listgarten, Jennifer and Lippert, Christoph and Heckerman, David},
  journal={Nature genetics},
  volume={45},
  number={5},
  pages={470--471},
  year={2013},
  publisher={Nature Publishing Group US New York}
}
@article{lippert2011fast,
  title={FaST linear mixed models for genome-wide association studies},
  author={Lippert, Christoph and Listgarten, Jennifer and Liu, Ying and Kadie, Carl M and Davidson, Robert I and Heckerman, David},
  journal={Nature methods},
  volume={8},
  number={10},
  pages={833--835},
  year={2011},
  publisher={Nature Publishing Group US New York}
}
@article{segura2012efficient,
  title={An efficient multi-locus mixed-model approach for genome-wide association studies in structured populations},
  author={Segura, Vincent and Vilhj{\'a}lmsson, Bjarni J and Platt, Alexander and Korte, Arthur and Seren, {\"U}mit and Long, Quan and Nordborg, Magnus},
  journal={Nature genetics},
  volume={44},
  number={7},
  pages={825--830},
  year={2012},
  publisher={Nature Publishing Group}
}
@article{zhou2018efficiently,
  title={Efficiently controlling for case-control imbalance and sample relatedness in large-scale genetic association studies},
  author={Zhou, Wei and Nielsen, Jonas B and Fritsche, Lars G and Dey, Rounak and Gabrielsen, Maiken E and Wolford, Brooke N and LeFaive, Jonathon and VandeHaar, Peter and Gagliano, Sarah A and Gifford, Aliya and others},
  journal={Nature genetics},
  volume={50},
  number={9},
  pages={1335--1341},
  year={2018},
  publisher={Nature Publishing Group US New York}
}
@article{kuonen1999miscellanea,
  title={Miscellanea. Saddlepoint approximations for distributions of quadratic forms in normal variables},
  author={Kuonen, Diego},
  journal={Biometrika},
  volume={86},
  number={4},
  pages={929--935},
  year={1999},
  publisher={Oxford University Press}
}
@article{dey2017fast,
  title={A fast and accurate algorithm to test for binary phenotypes and its application to PheWAS},
  author={Dey, Rounak and Schmidt, Ellen M and Abecasis, Goncalo R and Lee, Seunggeun},
  journal={The American Journal of Human Genetics},
  volume={101},
  number={1},
  pages={37--49},
  year={2017},
  publisher={Elsevier}
}
@article{jiang2019resource,
  title={A resource-efficient tool for mixed model association analysis of large-scale data},
  author={Jiang, Longda and Zheng, Zhili and Qi, Ting and Kemper, Kathryn E and Wray, Naomi R and Visscher, Peter M and Yang, Jian},
  journal={Nature genetics},
  volume={51},
  number={12},
  pages={1749--1755},
  year={2019},
  publisher={Nature Publishing Group US New York}
}
@article{jiang2021generalized,
  title={A generalized linear mixed model association tool for biobank-scale data},
  author={Jiang, Longda and Zheng, Zhili and Fang, Hailing and Yang, Jian},
  journal={Nature genetics},
  volume={53},
  number={11},
  pages={1616--1621},
  year={2021},
  publisher={Nature Publishing Group US New York}
}
@misc{Myers, url={https://www.stats.ox.ac.uk/~myers/mathgenteaching.html}, journal={Stochastic models in Mathematical Genetics (SC1)}, author={Myers, Simon}} 

@article{loh2013inferring,
  title={Inferring admixture histories of human populations using linkage disequilibrium},
  author={Loh, Po-Ru and Lipson, Mark and Patterson, Nick and Moorjani, Priya and Pickrell, Joseph K and Reich, David and Berger, Bonnie},
  journal={Genetics},
  volume={193},
  number={4},
  pages={1233--1254},
  year={2013},
  publisher={Oxford University Press}
}

@article{moorjani2011history,
  title={The history of African gene flow into Southern Europeans, Levantines, and Jews},
  author={Moorjani, Priya and Patterson, Nick and Hirschhorn, Joel N and Keinan, Alon and Hao, Li and Atzmon, Gil and Burns, Edward and Ostrer, Harry and Price, Alkes L and Reich, David},
  journal={PLoS genetics},
  volume={7},
  number={4},
  pages={e1001373},
  year={2011},
  publisher={Public Library of Science San Francisco, USA}
}

@article{patterson2012ancient,
  title={Ancient admixture in human history},
  author={Patterson, Nick and Moorjani, Priya and Luo, Yontao and Mallick, Swapan and Rohland, Nadin and Zhan, Yiping and Genschoreck, Teri and Webster, Teresa and Reich, David},
  journal={Genetics},
  volume={192},
  number={3},
  pages={1065--1093},
  year={2012},
  publisher={Oxford University Press}
}

@article{reich2012reconstructing,
  title={Reconstructing native American population history},
  author={Reich, David and Patterson, Nick and Campbell, Desmond and Tandon, Arti and Mazieres, St{\'e}phane and Ray, Nicolas and Parra, Maria V and Rojas, Winston and Duque, Constanza and Mesa, Natalia and others},
  journal={Nature},
  volume={488},
  number={7411},
  pages={370--374},
  year={2012},
  publisher={Nature Publishing Group UK London}
}

@article{lazaridis2014ancient,
  title={Ancient human genomes suggest three ancestral populations for present-day Europeans},
  author={Lazaridis, Iosif and Patterson, Nick and Mittnik, Alissa and Renaud, Gabriel and Mallick, Swapan and Kirsanow, Karola and Sudmant, Peter H and Schraiber, Joshua G and Castellano, Sergi and Lipson, Mark and others},
  journal={Nature},
  volume={513},
  number={7518},
  pages={409--413},
  year={2014},
  publisher={Nature Publishing Group UK London}
}

@article{sankararaman2014genomic,
  title={The genomic landscape of Neanderthal ancestry in present-day humans},
  author={Sankararaman, Sriram and Mallick, Swapan and Dannemann, Michael and Pr{\"u}fer, Kay and Kelso, Janet and P{\"a}{\"a}bo, Svante and Patterson, Nick and Reich, David},
  journal={Nature},
  volume={507},
  number={7492},
  pages={354--357},
  year={2014},
  publisher={Nature Publishing Group UK London}
}

@article{nagai2017overview,
  title={Overview of the BioBank Japan Project: study design and profile},
  author={Nagai, Akiko and Hirata, Makoto and Kamatani, Yoichiro and Muto, Kaori and Matsuda, Koichi and Kiyohara, Yutaka and Ninomiya, Toshiharu and Tamakoshi, Akiko and Yamagata, Zentaro and Mushiroda, Taisei and others},
  journal={Journal of epidemiology},
  volume={27},
  number={Supplement\_III},
  pages={S2--S8},
  year={2017},
  publisher={Japan Epidemiological Association}
}
@article{ramirez2022all,
  title={The All of Us Research Program: data quality, utility, and diversity},
  author={Ramirez, Andrea H and Sulieman, Lina and Schlueter, David J and Halvorson, Alese and Qian, Jun and Ratsimbazafy, Francis and Loperena, Roxana and Mayo, Kelsey and Basford, Melissa and Deflaux, Nicole and others},
  journal={Patterns},
  volume={3},
  number={8},
  year={2022},
  publisher={Elsevier}
}
@article{wojcik2019genetic,
  title={Genetic analyses of diverse populations improves discovery for complex traits},
  author={Wojcik, Genevieve L and Graff, Mariaelisa and Nishimura, Katherine K and Tao, Ran and Haessler, Jeffrey and Gignoux, Christopher R and Highland, Heather M and Patel, Yesha M and Sorokin, Elena P and Avery, Christy L and others},
  journal={Nature},
  volume={570},
  number={7762},
  pages={514--518},
  year={2019},
  publisher={Nature Publishing Group UK London}
}
@article{yu2006unified,
  title={A unified mixed-model method for association mapping that accounts for multiple levels of relatedness},
  author={Yu, Jianming and Pressoir, Gael and Briggs, William H and Vroh Bi, Irie and Yamasaki, Masanori and Doebley, John F and McMullen, Michael D and Gaut, Brandon S and Nielsen, Dahlia M and Holland, James B and others},
  journal={Nature genetics},
  volume={38},
  number={2},
  pages={203--208},
  year={2006},
  publisher={Nature Publishing Group}
}
@article{kang2008efficient,
  title={Efficient control of population structure in model organism association mapping},
  author={Kang, Hyun Min and Zaitlen, Noah A and Wade, Claire M and Kirby, Andrew and Heckerman, David and Daly, Mark J and Eskin, Eleazar},
  journal={Genetics},
  volume={178},
  number={3},
  pages={1709--1723},
  year={2008},
  publisher={Oxford University Press}
}
@article{kang2010variance,
  title={Variance component model to account for sample structure in genome-wide association studies},
  author={Kang, Hyun Min and Sul, Jae Hoon and Service, Susan K and Zaitlen, Noah A and Kong, Sit-yee and Freimer, Nelson B and Sabatti, Chiara and Eskin, Eleazar},
  journal={Nature genetics},
  volume={42},
  number={4},
  pages={348--354},
  year={2010},
  publisher={Nature Publishing Group}
}
@article{zhang2010mixed,
  title={Mixed linear model approach adapted for genome-wide association studies},
  author={Zhang, Zhiwu and Ersoz, Elhan and Lai, Chao-Qiang and Todhunter, Rory J and Tiwari, Hemant K and Gore, Michael A and Bradbury, Peter J and Yu, Jianming and Arnett, Donna K and Ordovas, Jose M and others},
  journal={Nature genetics},
  volume={42},
  number={4},
  pages={355--360},
  year={2010},
  publisher={Nature Publishing Group}
}
@article{zhou2022global,
  title={Global Biobank Meta-analysis Initiative: Powering genetic discovery across human disease},
  author={Zhou, Wei and Kanai, Masahiro and Wu, Kuan-Han H and Rasheed, Humaira and Tsuo, Kristin and Hirbo, Jibril B and Wang, Ying and Bhattacharya, Arjun and Zhao, Huiling and Namba, Shinichi and others},
  journal={Cell Genomics},
  volume={2},
  number={10},
  pages={100192},
  year={2022},
  publisher={Elsevier}
}
@article{zhou2012genome,
  title={Genome-wide efficient mixed-model analysis for association studies},
  author={Zhou, Xiang and Stephens, Matthew},
  journal={Nature genetics},
  volume={44},
  number={7},
  pages={821--824},
  year={2012},
  publisher={Nature Publishing Group}
}

@article{wang2021rare,
  title={Rare variant contribution to human disease in 281,104 UK Biobank exomes},
  author={Wang, Quanli and Dhindsa, Ryan S and Carss, Keren and Harper, Andrew R and Nag, Abhishek and Tachmazidou, Ioanna and Vitsios, Dimitrios and Deevi, Sri VV and Mackay, Alex and Muthas, Daniel and others},
  journal={Nature},
  volume={597},
  number={7877},
  pages={527--532},
  year={2021},
  publisher={Nature Publishing Group UK London}
}


%%%%%%%%%%%%%%%%%%%%%%%%%%%%% References from ghostbuster supp. %%%%%%%%%%%%%%%%%%
@article{kingman1982coalescent,
  title={The coalescent},
  author={Kingman, John Frank Charles},
  journal={Stochastic processes and their applications},
  volume={13},
  number={3},
  pages={235--248},
  year={1982},
  publisher={Elsevier}
}
@article{speidel2019method,
  title={A method for genome-wide genealogy estimation for thousands of samples},
  author={Speidel, Leo and Forest, Marie and Shi, Sinan and Myers, Simon R},
  journal={Nature genetics},
  volume={51},
  number={9},
  pages={1321--1329},
  year={2019},
  publisher={Nature Publishing Group}
}
@phdthesis{forest2014simultaneous,
  title={Simultaneous estimation of population size changes and splits times using importance sampling},
  author={Forest, Marie},
  year={2014},
  school={Oxford University, UK}
}
@article{dempster1977maximum,
  title={Maximum likelihood from incomplete data via the EM algorithm},
  author={Dempster, Arthur P and Laird, Nan M and Rubin, Donald B},
  journal={Journal of the Royal Statistical Society: Series B (Methodological)},
  volume={39},
  number={1},
  pages={1--22},
  year={1977},
  publisher={Wiley Online Library}
}
@article{li2011inference,
  title={Inference of human population history from individual whole-genome sequences},
  author={Li, Heng and Durbin, Richard},
  journal={Nature},
  volume={475},
  number={7357},
  pages={493--496},
  year={2011},
  publisher={Nature Publishing Group UK London}
}
%%%%%%%%%%%%%%%%%%%%%%%%%%%%%%%%%%%%%%%%%%%%%%%%%%%%%%%%%%%%%%%%%%%%%%%%%%%%%%%%%%%%%%%%%%%

%%%%%%%%%%%%%%%%%%%%%%%%%% References from Quickdraws supp. %%%%%%%%%%%%%%%%%%%%%%%%%%%%%%%%%
@article{yang2011gcta,
  title={GCTA: a tool for genome-wide complex trait analysis},
  author={Yang, Jian and Lee, S Hong and Goddard, Michael E and Visscher, Peter M},
  journal={The American Journal of Human Genetics},
  volume={88},
  number={1},
  pages={76--82},
  year={2011},
  publisher={Elsevier}
}
@article{listgarten2012improved,
  title={Improved linear mixed models for genome-wide association studies},
  author={Listgarten, Jennifer and Lippert, Christoph and Kadie, Carl M and Davidson, Robert I and Eskin, Eleazar and Heckerman, David},
  journal={Nature methods},
  volume={9},
  number={6},
  pages={525--526},
  year={2012},
  publisher={Nature Publishing Group}
}
@article{yang2014advantages,
  title={Advantages and pitfalls in the application of mixed-model association methods},
  author={Yang, Jian and Zaitlen, Noah A and Goddard, Michael E and Visscher, Peter M and Price, Alkes L},
  journal={Nature genetics},
  volume={46},
  number={2},
  pages={100--106},
  year={2014},
  publisher={Nature Publishing Group}
}
@article{loh2015efficient,
  title={Efficient Bayesian mixed-model analysis increases association power in large cohorts},
  author={Loh, Po-Ru and Tucker, George and Bulik-Sullivan, Brendan K and Vilhjalmsson, Bjarni J and Finucane, Hilary K and Salem, Rany M and Chasman, Daniel I and Ridker, Paul M and Neale, Benjamin M and Berger, Bonnie and others},
  journal={Nature genetics},
  volume={47},
  number={3},
  pages={284--290},
  year={2015},
  publisher={Nature Publishing Group}
}
@article{loh2018mixed,
  title={Mixed-model association for biobank-scale datasets},
  author={Loh, Po-Ru and Kichaev, Gleb and Gazal, Steven and Schoech, Armin P and Price, Alkes L},
  journal={Nature genetics},
  volume={50},
  number={7},
  pages={906--908},
  year={2018},
  publisher={Nature Publishing Group}
}
@article{jiang2019resource,
  title={A resource-efficient tool for mixed model association analysis of large-scale data},
  author={Jiang, Longda and Zheng, Zhili and Qi, Ting and Kemper, Kathryn E and Wray, Naomi R and Visscher, Peter M and Yang, Jian},
  journal={Nature genetics},
  volume={51},
  number={12},
  pages={1749--1755},
  year={2019},
  publisher={Nature Publishing Group}
}
@article{mbatchou2021computationally,
  title={Computationally efficient whole-genome regression for quantitative and binary traits},
  author={Mbatchou, Joelle and Barnard, Leland and Backman, Joshua and Marcketta, Anthony and Kosmicki, Jack A and Ziyatdinov, Andrey and Benner, Christian and O’Dushlaine, Colm and Barber, Mathew and Boutkov, Boris and others},
  journal={Nature genetics},
  volume={53},
  number={7},
  pages={1097--1103},
  year={2021},
  publisher={Nature Publishing Group}
}
@article{pazokitoroudi2020efficient,
  title={Efficient variance components analysis across millions of genomes},
  author={Pazokitoroudi, Ali and Wu, Yue and Burch, Kathryn S and Hou, Kangcheng and Zhou, Aaron and Pasaniuc, Bogdan and Sankararaman, Sriram},
  journal={Nature communications},
  volume={11},
  number={1},
  pages={1--10},
  year={2020},
  publisher={Nature Publishing Group}
}
@article{spence2020flexible,
  title={Flexible mean field variational inference using mixtures of non-overlapping exponential families},
  author={Spence, Jeffrey},
  journal={Advances in Neural Information Processing Systems},
  volume={33},
  pages={19642--19654},
  year={2020}
}
@article{blei2017variational,
  title={Variational inference: A review for statisticians},
  author={Blei, David M and Kucukelbir, Alp and McAuliffe, Jon D},
  journal={Journal of the American statistical Association},
  volume={112},
  number={518},
  pages={859--877},
  year={2017},
  publisher={Taylor \& Francis}
}
@book{bishop2006pattern,
  title={Pattern recognition and machine learning},
  author={Bishop, Christopher M and Nasrabadi, Nasser M},
  volume={4},
  number={4},
  year={2006},
  publisher={Springer}
}

@article{kingma2013auto,
  title={Auto-encoding variational bayes},
  author={Kingma, Diederik P and Welling, Max},
  journal={arXiv preprint arXiv:1312.6114},
  year={2013}
}
@article{hoffman2013stochastic,
  title={Stochastic variational inference},
  author={Hoffman, Matthew D and Blei, David M and Wang, Chong and Paisley, John},
  journal={Journal of Machine Learning Research},
  year={2013}
}
@article{kingma2015variational,
  title={Variational dropout and the local reparameterization trick},
  author={Kingma, Durk P and Salimans, Tim and Welling, Max},
  journal={Advances in neural information processing systems},
  volume={28},
  year={2015}
}
@incollection{NEURIPS2019_9015,
title = {PyTorch: An Imperative Style, High-Performance Deep Learning Library},
author = {Paszke, Adam and Gross, Sam and Massa, Francisco and Lerer, Adam and Bradbury, James and Chanan, Gregory and Killeen, Trevor and Lin, Zeming and Gimelshein, Natalia and Antiga, Luca and Desmaison, Alban and Kopf, Andreas and Yang, Edward and DeVito, Zachary and Raison, Martin and Tejani, Alykhan and Chilamkurthy, Sasank and Steiner, Benoit and Fang, Lu and Bai, Junjie and Chintala, Soumith},
booktitle = {Advances in Neural Information Processing Systems 32},
pages = {8024--8035},
year = {2019},
publisher = {Curran Associates, Inc.},
url = {http://papers.neurips.cc/paper/9015-pytorch-an-imperative-style-high-performance-deep-learning-library.pdf}
}
@article{paszke2017automatic,
  title={Automatic differentiation in pytorch},
  author={Paszke, Adam and Gross, Sam and Chintala, Soumith and Chanan, Gregory and Yang, Edward and DeVito, Zachary and Lin, Zeming and Desmaison, Alban and Antiga, Luca and Lerer, Adam},
  year={2017}
}
@inproceedings{lam2015numba,
  title={Numba: A llvm-based python jit compiler},
  author={Lam, Siu Kwan and Pitrou, Antoine and Seibert, Stanley},
  booktitle={Proceedings of the Second Workshop on the LLVM Compiler Infrastructure in HPC},
  pages={1--6},
  year={2015}
}
@article{bycroft2018uk,
  title={The UK Biobank resource with deep phenotyping and genomic data},
  author={Bycroft, Clare and Freeman, Colin and Petkova, Desislava and Band, Gavin and Elliott, Lloyd T and Sharp, Kevin and Motyer, Allan and Vukcevic, Damjan and Delaneau, Olivier and O’Connell, Jared and others},
  journal={Nature},
  volume={562},
  number={7726},
  pages={203--209},
  year={2018},
  publisher={Nature Publishing Group}
}
@article{chang2015second,
  title={Second-generation PLINK: rising to the challenge of larger and richer datasets},
  author={Chang, Christopher C and Chow, Carson C and Tellier, Laurent CAM and Vattikuti, Shashaank and Purcell, Shaun M and Lee, James J},
  journal={Gigascience},
  volume={4},
  number={1},
  pages={s13742--015},
  year={2015},
  publisher={Oxford University Press}
}
@article{wu2018scalable,
  title={A scalable estimator of SNP heritability for biobank-scale data},
  author={Wu, Yue and Sankararaman, Sriram},
  journal={Bioinformatics},
  volume={34},
  number={13},
  pages={i187--i194},
  year={2018},
  publisher={Oxford University Press}
}
@article{kingma2014adam,
  title={Adam: A method for stochastic optimization},
  author={Kingma, Diederik P and Ba, Jimmy},
  journal={arXiv preprint arXiv:1412.6980},
  year={2014}
}
@article{blundell2015weight,
  title={Weight uncertainty in neural networks},
  author={Blundell, Charles and Cornebise, Julien and Kavukcuoglu, Koray and Wierstra, Daan},
  journal={arXiv preprint arXiv:1505.05424},
  year={2015}
}
@article{jang2016categorical,
  title={Categorical reparameterization with gumbel-softmax},
  author={Jang, Eric and Gu, Shixiang and Poole, Ben},
  journal={arXiv preprint arXiv:1611.01144},
  year={2016}
}
@inproceedings{tonolini2020variational,
  title={Variational sparse coding},
  author={Tonolini, Francesco and Jensen, Bj{\o}rn Sand and Murray-Smith, Roderick},
  booktitle={Uncertainty in Artificial Intelligence},
  pages={690--700},
  year={2020},
  organization={PMLR}
}
@article{maddison2016concrete,
  title={The concrete distribution: A continuous relaxation of discrete random variables},
  author={Maddison, Chris J and Mnih, Andriy and Teh, Yee Whye},
  journal={arXiv preprint arXiv:1611.00712},
  year={2016}
}
@article{shayer_learning_2018,
	title = {{LEARNING} {DISCRETE} {WEIGHTS} {USING} {THE} {LOCAL} {REPARAMETERIZATION} {TRICK}},
	abstract = {Recent breakthroughs in computer vision make use of large deep neural networks, utilizing the substantial speedup offered by GPUs. For applications running on limited hardware, however, high precision real-time processing can still be a challenge. One approach to solving this problem is training networks with binary or ternary weights, thus removing the need to calculate multiplications and significantly reducing memory size. In this work, we introduce LR-nets (Local reparameterization networks), a new method for training neural networks with discrete weights using stochastic parameters. We show how a simple modiﬁcation to the local reparameterization trick, previously used to train Gaussian distributed weights, enables the training of discrete weights. Using the proposed training we test both binary and ternary models on MNIST, CIFAR-10 and ImageNet benchmarks and reach state-of-the-art results on most experiments.},
	language = {en},
	author = {Shayer, Oran and Levi, Dan and Fetaya, Ethan},
	year = {2018},
	pages = {12},
}
@Article{         harris2020array,
 title         = {Array programming with {NumPy}},
 author        = {Charles R. Harris and K. Jarrod Millman and St{\'{e}}fan J.
                 van der Walt and Ralf Gommers and Pauli Virtanen and David
                 Cournapeau and Eric Wieser and Julian Taylor and Sebastian
                 Berg and Nathaniel J. Smith and Robert Kern and Matti Picus
                 and Stephan Hoyer and Marten H. van Kerkwijk and Matthew
                 Brett and Allan Haldane and Jaime Fern{\'{a}}ndez del
                 R{\'{i}}o and Mark Wiebe and Pearu Peterson and Pierre
                 G{\'{e}}rard-Marchant and Kevin Sheppard and Tyler Reddy and
                 Warren Weckesser and Hameer Abbasi and Christoph Gohlke and
                 Travis E. Oliphant},
 year          = {2020},
 month         = sep,
 journal       = {Nature},
 volume        = {585},
 number        = {7825},
 pages         = {357--362},
 doi           = {10.1038/s41586-020-2649-2},
 publisher     = {Springer Science and Business Media {LLC}},
 url           = {https://doi.org/10.1038/s41586-020-2649-2}
}
@article{dettmers20218,
  title={8-bit optimizers via block-wise quantization},
  author={Dettmers, Tim and Lewis, Mike and Shleifer, Sam and Zettlemoyer, Luke},
  journal={arXiv preprint arXiv:2110.02861},
  year={2021}
}
@article{diabetes2012large,
  title={Large-scale association analysis provides insights into the genetic architecture and pathophysiology of type 2 diabetes},
  author={Meta-Analyses of Glucose and Insulin-related traits Consortium (MAGIC) Investigators and Genetic Investigation of ANthropometric Traits (GIANT) Consortium and Asian Genetic Epidemiology Network--Type 2 Diabetes (AGEN-T2D) Consortium and South Asian Type 2 Diabetes (SAT2D) Consortium and Shuldiner, Alan R and Roden, Michael and Barroso, Ines and Wilsgaard, Tom and Beilby, John and others},
  journal={Nature genetics},
  volume={44},
  number={9},
  pages={981--990},
  year={2012},
  publisher={Nature Publishing Group US New York}
}
@article{dubois2010multiple,
  title={Multiple common variants for celiac disease influencing immune gene expression},
  author={Dubois, Patrick CA and Trynka, Gosia and Franke, Lude and Hunt, Karen A and Romanos, Jihane and Curtotti, Alessandra and Zhernakova, Alexandra and Heap, Graham AR and {\'A}d{\'a}ny, R{\'o}za and Aromaa, Arpo and others},
  journal={Nature genetics},
  volume={42},
  number={4},
  pages={295--302},
  year={2010},
  publisher={Nature Publishing Group US New York}
}
@article{nagel2018meta,
  title={Meta-analysis of genome-wide association studies for neuroticism in 449,484 individuals identifies novel genetic loci and pathways},
  author={Nagel, Mats and Jansen, Philip R and Stringer, Sven and Watanabe, Kyoko and De Leeuw, Christiaan A and Bryois, Julien and Savage, Jeanne E and Hammerschlag, Anke R and Skene, Nathan G and Mu{\~n}oz-Manchado, Ana B and others},
  journal={Nature genetics},
  volume={50},
  number={7},
  pages={920--927},
  year={2018},
  publisher={Nature Publishing Group US New York}
}
@article{10002015global,
  title={A global reference for human genetic variation},
  author={1000 Genomes Project Consortium and others},
  journal={Nature},
  volume={526},
  number={7571},
  pages={68},
  year={2015},
  publisher={Nature Publishing Group}
}
@ONLINE{hdf5,
    author = {{The HDF Group}},
    title = "{Hierarchical Data Format, version 5}",
    year = {1997-NNNN},
    note = {https://www.hdfgroup.org/HDF5/}
}
@article{yiorgos2023,
  title={Fast association testing using large-scale ancestral recombination graphs},
  author={Zhu, Jiazheng and Kalantzis, Georgios and Pazokitoroudi, Ali and Loya, Hrushikesh and Chen, Han and Sankararaman, Sriram and Palamara, Pier Francesco},
  year={in preparation}
}
@misc{alma991025317822307026,
author = {Kalantzis, Georgios},
copyright = {Open access},
keywords = {Statistical genetics},
organization = {PhD thesis, University of Oxford},
title = {``{M}ethods for large-scale genome-wide association studies"},
year = {2022},
}
@article{gazal2018functional,
  title={Functional architecture of low-frequency variants highlights strength of negative selection across coding and non-coding annotations},
  author={Gazal, Steven and Loh, Po-Ru and Finucane, Hilary K and Ganna, Andrea and Schoech, Armin and Sunyaev, Shamil and Price, Alkes L},
  journal={Nature genetics},
  volume={50},
  number={11},
  pages={1600--1607},
  year={2018},
  publisher={Nature Publishing Group US New York}
}
@article{ziyatdinov2021estimating,
  title={Estimating the effective sample size in association studies of quantitative traits},
  author={Ziyatdinov, Andrey and Kim, Jihye and Prokopenko, Dmitry and Priv{\'e}, Florian and Laporte, Fabien and Loh, Po-Ru and Kraft, Peter and Aschard, Hugues},
  journal={G3},
  volume={11},
  number={6},
  pages={jkab057},
  year={2021},
  publisher={Oxford University Press}
}
@article{yang2011genomic,
  title={Genomic inflation factors under polygenic inheritance},
  author={Yang, Jian and Weedon, Michael N and Purcell, Shaun and Lettre, Guillaume and Estrada, Karol and Willer, Cristen J and Smith, Albert V and Ingelsson, Erik and O'connell, Jeffrey R and Mangino, Massimo and others},
  journal={European journal of human genetics},
  volume={19},
  number={7},
  pages={807--812},
  year={2011},
  publisher={Nature Publishing Group}
}
@article{manichaikul2010robust,
  title={Robust relationship inference in genome-wide association studies},
  author={Manichaikul, Ani and Mychaleckyj, Josyf C and Rich, Stephen S and Daly, Kathy and Sale, Mich{\`e}le and Chen, Wei-Min},
  journal={Bioinformatics},
  volume={26},
  number={22},
  pages={2867--2873},
  year={2010},
  publisher={Oxford University Press}
}
@article{purcell2007plink,
  title={PLINK: a tool set for whole-genome association and population-based linkage analyses},
  author={Purcell, Shaun and Neale, Benjamin and Todd-Brown, Kathe and Thomas, Lori and Ferreira, Manuel AR and Bender, David and Maller, Julian and Sklar, Pamela and De Bakker, Paul IW and Daly, Mark J and others},
  journal={The American journal of human genetics},
  volume={81},
  number={3},
  pages={559--575},
  year={2007},
  publisher={Elsevier}
}
%%%%%%%%%%%%%%%%%%%%%%%%%%%%%%%%%%%%%%%%%%%%%%%%%%%%%%%%%%%%%%%%%%%%%%%%%%%%%%%%%%%%%%%%%%%%%

%%%%%%%%%%%%%%%%%%%%%%%%%%% References from Quickdraws main %%%%%%%%%%%%%%%%%%%%%%%%%%%%%%%%%
@article{weissbrod2022leveraging,
  title={Leveraging fine-mapping and multipopulation training data to improve cross-population polygenic risk scores},
  author={Weissbrod, Omer and Kanai, Masahiro and Shi, Huwenbo and Gazal, Steven and Peyrot, Wouter J and Khera, Amit V and Okada, Yukinori and Martin, Alicia R and Finucane, Hilary K and others},
  journal={Nature Genetics},
  volume={54},
  number={4},
  pages={450--458},
  year={2022},
  publisher={Nature Publishing Group US New York}
}
@article{sun2023plasma,
  title={Plasma proteomic associations with genetics and health in the UK Biobank},
  author={Sun, Benjamin B and Chiou, Joshua and Traylor, Matthew and Benner, Christian and Hsu, Yi-Hsiang and Richardson, Tom G and Surendran, Praveen and Mahajan, Anubha and Robins, Chloe and Vasquez-Grinnell, Steven G and others},
  journal={Nature},
  volume={622},
  number={7982},
  pages={329--338},
  year={2023},
  publisher={Nature Publishing Group UK London}
}
@article{uk10k2015uk10k,
  title={The UK10K project identifies rare variants in health and disease},
  author={{The UK10K Consortium}},
  journal={Nature},
  volume={526},
  number={7571},
  pages={82--90},
  year={2015},
  publisher={Nature Publishing Group UK London}
}
@article{haplotype2016reference,
  title={A reference panel of 64,976 haplotypes for genotype imputation},
  author={{The Haplotype Reference Consortium}},
  journal={Nature genetics},
  volume={48},
  number={10},
  pages={1279--1283},
  year={2016},
  publisher={Nature Publishing Group US New York}
}
@article{band2018bgen,
  title={BGEN: a binary file format for imputed genotype and haplotype data},
  author={Band, Gavin and Marchini, Jonathan},
  journal={BioRxiv},
  pages={308296},
  year={2018},
  publisher={Cold Spring Harbor Laboratory}
}
@article{weissbrod2020functionally,
  title={Functionally informed fine-mapping and polygenic localization of complex trait heritability},
  author={Weissbrod, Omer and Hormozdiari, Farhad and Benner, Christian and Cui, Ran and Ulirsch, Jacob and Gazal, Steven and Schoech, Armin P and Van De Geijn, Bryce and Reshef, Yakir and M{\'a}rquez-Luna, Carla and others},
  journal={Nature genetics},
  volume={52},
  number={12},
  pages={1355--1363},
  year={2020},
  publisher={Nature Publishing Group US New York}
}
@article{paszke2017automatic,
  title={Automatic differentiation in pytorch},
  author={Paszke, Adam and Gross, Sam and Chintala, Soumith and Chanan, Gregory and Yang, Edward and DeVito, Zachary and Lin, Zeming and Desmaison, Alban and Antiga, Luca and Lerer, Adam},
  year={2017}
}
@article{kettunen2012genome,
  title={Genome-wide association study identifies multiple loci influencing human serum metabolite levels},
  author={Kettunen, Johannes and Tukiainen, Taru and Sarin, Antti-Pekka and Ortega-Alonso, Alfredo and Tikkanen, Emmi and Lyytik{\"a}inen, Leo-Pekka and Kangas, Antti J and Soininen, Pasi and W{\"u}rtz, Peter and Silander, Kaisa and others},
  journal={Nature genetics},
  volume={44},
  number={3},
  pages={269--276},
  year={2012},
  publisher={Nature Publishing Group US New York}
}
@article{pan2009survey,
  title={A survey on transfer learning},
  author={Pan, Sinno Jialin and Yang, Qiang},
  journal={IEEE Transactions on knowledge and data engineering},
  volume={22},
  number={10},
  pages={1345--1359},
  year={2009},
  publisher={IEEE}
}
@article{graves2011practical,
  title={Practical variational inference for neural networks},
  author={Graves, Alex},
  journal={Advances in neural information processing systems},
  volume={24},
  year={2011}
}
@article{hoffman2013stochastic,
  title={Stochastic variational inference},
  author={Hoffman, Matthew D and Blei, David M and Wang, Chong and Paisley, John},
  journal={Journal of Machine Learning Research},
  year={2013}
}
@article{kingma2014adam,
  title={Adam: A method for stochastic optimization},
  author={Kingma, Diederik P and Ba, Jimmy},
  journal={arXiv preprint arXiv:1412.6980},
  year={2014}
}
@article{gazal2017linkage,
  title={Linkage disequilibrium--dependent architecture of human complex traits shows action of negative selection},
  author={Gazal, Steven and Finucane, Hilary K and Furlotte, Nicholas A and Loh, Po-Ru and Palamara, Pier Francesco and Liu, Xuanyao and Schoech, Armin and Bulik-Sullivan, Brendan and Neale, Benjamin M and Gusev, Alexander and others},
  journal={Nature genetics},
  volume={49},
  number={10},
  pages={1421--1427},
  year={2017},
  publisher={Nature Publishing Group US New York}
}
@article{zeng2018signatures,
  title={Signatures of negative selection in the genetic architecture of human complex traits},
  author={Zeng, Jian and De Vlaming, Ronald and Wu, Yang and Robinson, Matthew R and Lloyd-Jones, Luke R and Yengo, Loic and Yap, Chloe X and Xue, Angli and Sidorenko, Julia and McRae, Allan F and others},
  journal={Nature genetics},
  volume={50},
  number={5},
  pages={746--753},
  year={2018},
  publisher={Nature Publishing Group US New York}
}
@article{schoech2019quantification,
  title={Quantification of frequency-dependent genetic architectures in 25 UK Biobank traits reveals action of negative selection},
  author={Schoech, Armin P and Jordan, Daniel M and Loh, Po-Ru and Gazal, Steven and O’Connor, Luke J and Balick, Daniel J and Palamara, Pier F and Finucane, Hilary K and Sunyaev, Shamil R and Price, Alkes L},
  journal={Nature communications},
  volume={10},
  number={1},
  pages={790},
  year={2019},
  publisher={Nature Publishing Group UK London}
}
@article{speed2012improved,
  title={Improved heritability estimation from genome-wide SNPs},
  author={Speed, Doug and Hemani, Gibran and Johnson, Michael R and Balding, David J},
  journal={The American Journal of Human Genetics},
  volume={91},
  number={6},
  pages={1011--1021},
  year={2012},
  publisher={Elsevier}
}
@inproceedings{lam2015numba,
  title={Numba: A llvm-based python jit compiler},
  author={Lam, Siu Kwan and Pitrou, Antoine and Seibert, Stanley},
  booktitle={Proceedings of the Second Workshop on the LLVM Compiler Infrastructure in HPC},
  pages={1--6},
  year={2015}
}
@article{zhou2022global,
  title={Global Biobank Meta-analysis Initiative: Powering genetic discovery across human disease},
  author={Zhou, Wei and Kanai, Masahiro and Wu, Kuan-Han H and Rasheed, Humaira and Tsuo, Kristin and Hirbo, Jibril B and Wang, Ying and Bhattacharya, Arjun and Zhao, Huiling and Namba, Shinichi and others},
  journal={Cell Genomics},
  volume={2},
  number={10},
  pages={100192},
  year={2022},
  publisher={Elsevier}
}
@article{wang2021rare,
  title={Rare variant contribution to human disease in 281,104 UK Biobank exomes},
  author={Wang, Quanli and Dhindsa, Ryan S and Carss, Keren and Harper, Andrew R and Nag, Abhishek and Tachmazidou, Ioanna and Vitsios, Dimitrios and Deevi, Sri VV and Mackay, Alex and Muthas, Daniel and others},
  journal={Nature},
  volume={597},
  number={7877},
  pages={527--532},
  year={2021},
  publisher={Nature Publishing Group UK London}
}
@article{klarin2022clinical,
  title={Clinical utility of polygenic risk scores for coronary artery disease},
  author={Klarin, Derek and Natarajan, Pradeep},
  journal={Nature Reviews Cardiology},
  volume={19},
  number={5},
  pages={291--301},
  year={2022},
  publisher={Nature Publishing Group UK London}
}
@article{ochoa2022human,
  title={Human genetics evidence supports two-thirds of the 2021 FDA-approved drugs},
  author={Ochoa, David and Karim, Mohd and Ghoussaini, Maya and Hulcoop, David G and McDonagh, Ellen M and Dunham, Ian},
  journal={Nat Rev Drug Discov},
  volume={21},
  number={8},
  pages={551},
  year={2022}
}
@article{purcell2007plink,
  title={PLINK: a tool set for whole-genome association and population-based linkage analyses},
  author={Purcell, Shaun and Neale, Benjamin and Todd-Brown, Kathe and Thomas, Lori and Ferreira, Manuel AR and Bender, David and Maller, Julian and Sklar, Pamela and De Bakker, Paul IW and Daly, Mark J and others},
  journal={The American journal of human genetics},
  volume={81},
  number={3},
  pages={559--575},
  year={2007},
  publisher={Elsevier}
}
@article{chang2015second,
  title={Second-generation PLINK: rising to the challenge of larger and richer datasets},
  author={Chang, Christopher C and Chow, Carson C and Tellier, Laurent CAM and Vattikuti, Shashaank and Purcell, Shaun M and Lee, James J},
  journal={Gigascience},
  volume={4},
  number={1},
  pages={s13742--015},
  year={2015},
  publisher={Oxford University Press}
}
@article{yu2006unified,
  title={A unified mixed-model method for association mapping that accounts for multiple levels of relatedness},
  author={Yu, Jianming and Pressoir, Gael and Briggs, William H and Vroh Bi, Irie and Yamasaki, Masanori and Doebley, John F and McMullen, Michael D and Gaut, Brandon S and Nielsen, Dahlia M and Holland, James B and others},
  journal={Nature genetics},
  volume={38},
  number={2},
  pages={203--208},
  year={2006},
  publisher={Nature Publishing Group}
}
@article{kang2008efficient,
  title={Efficient control of population structure in model organism association mapping},
  author={Kang, Hyun Min and Zaitlen, Noah A and Wade, Claire M and Kirby, Andrew and Heckerman, David and Daly, Mark J and Eskin, Eleazar},
  journal={Genetics},
  volume={178},
  number={3},
  pages={1709--1723},
  year={2008},
  publisher={Oxford University Press}
}
@article{kang2010variance,
  title={Variance component model to account for sample structure in genome-wide association studies},
  author={Kang, Hyun Min and Sul, Jae Hoon and Service, Susan K and Zaitlen, Noah A and Kong, Sit-yee and Freimer, Nelson B and Sabatti, Chiara and Eskin, Eleazar},
  journal={Nature genetics},
  volume={42},
  number={4},
  pages={348--354},
  year={2010},
  publisher={Nature Publishing Group}
}
@article{zhang2010mixed,
  title={Mixed linear model approach adapted for genome-wide association studies},
  author={Zhang, Zhiwu and Ersoz, Elhan and Lai, Chao-Qiang and Todhunter, Rory J and Tiwari, Hemant K and Gore, Michael A and Bradbury, Peter J and Yu, Jianming and Arnett, Donna K and Ordovas, Jose M and others},
  journal={Nature genetics},
  volume={42},
  number={4},
  pages={355--360},
  year={2010},
  publisher={Nature Publishing Group}
}
@article{zhou2012genome,
  title={Genome-wide efficient mixed-model analysis for association studies},
  author={Zhou, Xiang and Stephens, Matthew},
  journal={Nature genetics},
  volume={44},
  number={7},
  pages={821--824},
  year={2012},
  publisher={Nature Publishing Group}
}
@article{segura2012efficient,
  title={An efficient multi-locus mixed-model approach for genome-wide association studies in structured populations},
  author={Segura, Vincent and Vilhj{\'a}lmsson, Bjarni J and Platt, Alexander and Korte, Arthur and Seren, {\"U}mit and Long, Quan and Nordborg, Magnus},
  journal={Nature genetics},
  volume={44},
  number={7},
  pages={825--830},
  year={2012},
  publisher={Nature Publishing Group}
}

@article{lippert2011fast,
  title={FaST linear mixed models for genome-wide association studies},
  author={Lippert, Christoph and Listgarten, Jennifer and Liu, Ying and Kadie, Carl M and Davidson, Robert I and Heckerman, David},
  journal={Nature methods},
  volume={8},
  number={10},
  pages={833--835},
  year={2011},
  publisher={Nature Publishing Group}
}
@article{listgarten2012improved,
  title={Improved linear mixed models for genome-wide association studies},
  author={Listgarten, Jennifer and Lippert, Christoph and Kadie, Carl M and Davidson, Robert I and Eskin, Eleazar and Heckerman, David},
  journal={Nature methods},
  volume={9},
  number={6},
  pages={525--526},
  year={2012},
  publisher={Nature Publishing Group}
}
@article{listgarten2013fast,
  title={FaST-LMM-Select for addressing confounding from spatial structure and rare variants},
  author={Listgarten, Jennifer and Lippert, Christoph and Heckerman, David},
  journal={Nature genetics},
  volume={45},
  number={5},
  pages={470--471},
  year={2013},
  publisher={Nature Publishing Group}
}
@article{loh2015efficient,
  title={Efficient Bayesian mixed-model analysis increases association power in large cohorts},
  author={Loh, Po-Ru and Tucker, George and Bulik-Sullivan, Brendan K and Vilhjalmsson, Bjarni J and Finucane, Hilary K and Salem, Rany M and Chasman, Daniel I and Ridker, Paul M and Neale, Benjamin M and Berger, Bonnie and others},
  journal={Nature genetics},
  volume={47},
  number={3},
  pages={284--290},
  year={2015},
  publisher={Nature Publishing Group}
}
@article{jiang2019resource,
  title={A resource-efficient tool for mixed model association analysis of large-scale data},
  author={Jiang, Longda and Zheng, Zhili and Qi, Ting and Kemper, Kathryn E and Wray, Naomi R and Visscher, Peter M and Yang, Jian},
  journal={Nature genetics},
  volume={51},
  number={12},
  pages={1749--1755},
  year={2019},
  publisher={Nature Publishing Group}
}
@article{yang2014advantages,
  title={Advantages and pitfalls in the application of mixed-model association methods},
  author={Yang, Jian and Zaitlen, Noah A and Goddard, Michael E and Visscher, Peter M and Price, Alkes L},
  journal={Nature genetics},
  volume={46},
  number={2},
  pages={100--106},
  year={2014},
  publisher={Nature Publishing Group}
}
@article{mbatchou2021computationally,
  title={Computationally efficient whole-genome regression for quantitative and binary traits},
  author={Mbatchou, Joelle and Barnard, Leland and Backman, Joshua and Marcketta, Anthony and Kosmicki, Jack A and Ziyatdinov, Andrey and Benner, Christian and O’Dushlaine, Colm and Barber, Mathew and Boutkov, Boris and others},
  journal={Nature genetics},
  volume={53},
  number={7},
  pages={1097--1103},
  year={2021},
  publisher={Nature Publishing Group}
}
@article{bycroft2018uk,
  title={The UK Biobank resource with deep phenotyping and genomic data},
  author={Bycroft, Clare and Freeman, Colin and Petkova, Desislava and Band, Gavin and Elliott, Lloyd T and Sharp, Kevin and Motyer, Allan and Vukcevic, Damjan and Delaneau, Olivier and O’Connell, Jared and others},
  journal={Nature},
  volume={562},
  number={7726},
  pages={203--209},
  year={2018},
  publisher={Nature Publishing Group}
}
@article{wu2018scalable,
  title={A scalable estimator of SNP heritability for biobank-scale data},
  author={Wu, Yue and Sankararaman, Sriram},
  journal={Bioinformatics},
  volume={34},
  number={13},
  pages={i187--i194},
  year={2018},
  publisher={Oxford University Press}
}
@article{pazokitoroudi2020efficient,
  title={Efficient variance components analysis across millions of genomes},
  author={Pazokitoroudi, Ali and Wu, Yue and Burch, Kathryn S and Hou, Kangcheng and Zhou, Aaron and Pasaniuc, Bogdan and Sankararaman, Sriram},
  journal={Nature communications},
  volume={11},
  number={1},
  pages={1--10},
  year={2020},
  publisher={Nature Publishing Group}
}
@book{bishop2006pattern,
  title={Pattern recognition and machine learning},
  author={Bishop, Christopher M and Nasrabadi, Nasser M},
  volume={4},
  number={4},
  year={2006},
  publisher={Springer}
}
@article{hoffman2013stochastic,
  title={Stochastic variational inference},
  author={Hoffman, Matthew D and Blei, David M and Wang, Chong and Paisley, John},
  journal={Journal of Machine Learning Research},
  year={2013}
}
@article{loh2018mixed,
  title={Mixed-model association for biobank-scale datasets},
  author={Loh, Po-Ru and Kichaev, Gleb and Gazal, Steven and Schoech, Armin P and Price, Alkes L},
  journal={Nature genetics},
  volume={50},
  number={7},
  pages={906--908},
  year={2018},
  publisher={Nature Publishing Group}
}
@article{bulik2015ld,
  title={LD Score regression distinguishes confounding from polygenicity in genome-wide association studies},
  author={Bulik-Sullivan, Brendan K and Loh, Po-Ru and Finucane, Hilary K and Ripke, Stephan and Yang, Jian and Patterson, Nick and Daly, Mark J and Price, Alkes L and Neale, Benjamin M},
  journal={Nature genetics},
  volume={47},
  number={3},
  pages={291--295},
  year={2015},
  publisher={Nature Publishing Group}
}
@article{svishcheva2012rapid,
  title={Rapid variance components--based method for whole-genome association analysis},
  author={Svishcheva, Gulnara R and Axenovich, Tatiana I and Belonogova, Nadezhda M and Van Duijn, Cornelia M and Aulchenko, Yurii S},
  journal={Nature genetics},
  volume={44},
  number={10},
  pages={1166--1170},
  year={2012},
  publisher={Nature Publishing Group}
}
@article{robbins1951stochastic,
  title={A stochastic approximation method},
  author={Robbins, Herbert and Monro, Sutton},
  journal={The annals of mathematical statistics},
  pages={400--407},
  year={1951},
  publisher={JSTOR}
}
@article{orliac2022improving,
  title={Improving GWAS discovery and genomic prediction accuracy in biobank data},
  author={Orliac, Etienne J and Trejo Banos, Daniel and Ojavee, Sven E and L{\"a}ll, Kristi and M{\"a}gi, Reedik and Visscher, Peter M and Robinson, Matthew R},
  journal={Proceedings of the National Academy of Sciences},
  volume={119},
  number={31},
  pages={e2121279119},
  year={2022},
  publisher={National Acad Sciences}
}
@article{visscher201710,
  title={10 years of GWAS discovery: biology, function, and translation},
  author={Visscher, Peter M and Wray, Naomi R and Zhang, Qian and Sklar, Pamela and McCarthy, Mark I and Brown, Matthew A and Yang, Jian},
  journal={The American Journal of Human Genetics},
  volume={101},
  number={1},
  pages={5--22},
  year={2017},
  publisher={Elsevier}
}
@article{severe2020genomewide,
  title={Genomewide association study of severe Covid-19 with respiratory failure},
  author={Severe Covid-19 GWAS Group},
  journal={New England Journal of Medicine},
  volume={383},
  number={16},
  pages={1522--1534},
  year={2020},
  publisher={Mass Medical Soc}
}
@article{price2006principal,
  title={Principal components analysis corrects for stratification in genome-wide association studies},
  author={Price, Alkes L and Patterson, Nick J and Plenge, Robert M and Weinblatt, Michael E and Shadick, Nancy A and Reich, David},
  journal={Nature genetics},
  volume={38},
  number={8},
  pages={904--909},
  year={2006},
  publisher={Nature Publishing Group}
}
@article{zhou2014efficient,
  title={Efficient multivariate linear mixed model algorithms for genome-wide association studies},
  author={Zhou, Xiang and Stephens, Matthew},
  journal={Nature methods},
  volume={11},
  number={4},
  pages={407--409},
  year={2014},
  publisher={Nature Publishing Group}
}
@article{korte2012mixed,
  title={A mixed-model approach for genome-wide association studies of correlated traits in structured populations},
  author={Korte, Arthur and Vilhj{\'a}lmsson, Bjarni J and Segura, Vincent and Platt, Alexander and Long, Quan and Nordborg, Magnus},
  journal={Nature genetics},
  volume={44},
  number={9},
  pages={1066--1071},
  year={2012},
  publisher={Nature Publishing Group}
}
@article{prive2020ldpred2,
  title={LDpred2: better, faster, stronger},
  author={Priv{\'e}, Florian and Arbel, Julyan and Vilhj{\'a}lmsson, Bjarni J},
  journal={Bioinformatics},
  volume={36},
  number={22-23},
  pages={5424--5431},
  year={2020},
  publisher={Oxford University Press}
}
@article{vilhjalmsson2015modeling,
  title={Modeling linkage disequilibrium increases accuracy of polygenic risk scores},
  author={Vilhj{\'a}lmsson, Bjarni J and Yang, Jian and Finucane, Hilary K and Gusev, Alexander and Lindstr{\"o}m, Sara and Ripke, Stephan and Genovese, Giulio and Loh, Po-Ru and Bhatia, Gaurav and Do, Ron and others},
  journal={The american journal of human genetics},
  volume={97},
  number={4},
  pages={576--592},
  year={2015},
  publisher={Elsevier}
}
@article{lloyd2019improved,
  title={Improved polygenic prediction by Bayesian multiple regression on summary statistics},
  author={Lloyd-Jones, Luke R and Zeng, Jian and Sidorenko, Julia and Yengo, Lo{\"\i}c and Moser, Gerhard and Kemper, Kathryn E and Wang, Huanwei and Zheng, Zhili and Magi, Reedik and Esko, T{\~o}nu and others},
  journal={Nature communications},
  volume={10},
  number={1},
  pages={1--11},
  year={2019},
  publisher={Nature Publishing Group}
}
@article{chen2021evaluation,
  title={An evaluation of approaches for rare variant association analyses of binary traits in related samples},
  author={Chen, Ming-Huei and Pitsillides, Achilleas and Yang, Qiong},
  journal={Scientific Reports},
  volume={11},
  number={1},
  pages={3145},
  year={2021},
  publisher={Nature Publishing Group UK London}
}
@article{zeng2021widespread,
  title={Widespread signatures of natural selection across human complex traits and functional genomic categories},
  author={Zeng, Jian and Xue, Angli and Jiang, Longda and Lloyd-Jones, Luke R and Wu, Yang and Wang, Huanwei and Zheng, Zhili and Yengo, Loic and Kemper, Kathryn E and Goddard, Michael E and others},
  journal={Nature Communications},
  volume={12},
  number={1},
  pages={1164},
  year={2021},
  publisher={Nature Publishing Group UK London}
}
@article{catassi2022coeliac,
  title={Coeliac disease},
  author={Catassi, Carlo and Verdu, Elena F and Bai, Julio Cesar and Lionetti, Elena},
  journal={The Lancet},
  year={2022},
  publisher={Elsevier}
}
@article{de2017frequent,
  title={A frequent oligogenic involvement in congenital hypothyroidism},
  author={de Filippis, Tiziana and Gelmini, Giulia and Paraboschi, Elvezia and Vigone, Maria Cristina and Di Frenna, Marianna and Marelli, Federica and Bonomi, Marco and Cassio, Alessandra and Larizza, Daniela and Moro, Mirella and others},
  journal={Human Molecular Genetics},
  volume={26},
  number={13},
  pages={2507--2514},
  year={2017},
  publisher={Oxford University Press}
}
@article{huang2022transferability,
  title={Transferability of genetic loci and polygenic scores for cardiometabolic traits in British Pakistani and Bangladeshi individuals},
  author={Huang, Qin Qin and Sallah, Neneh and Dunca, Diana and Trivedi, Bhavi and Hunt, Karen A and Hodgson, Sam and Lambert, Samuel A and Arciero, Elena and Wright, John and Griffiths, Chris and others},
  journal={Nature Communications},
  volume={13},
  number={1},
  pages={4664},
  year={2022},
  publisher={Nature Publishing Group UK London}
}
@article{chen2011china,
  title={China Kadoorie Biobank of 0.5 million people: survey methods, baseline characteristics and long-term follow-up},
  author={Chen, Zhengming and Chen, Junshi and Collins, Rory and Guo, Yu and Peto, Richard and Wu, Fan and Li, Liming},
  journal={International journal of epidemiology},
  volume={40},
  number={6},
  pages={1652--1666},
  year={2011},
  publisher={Oxford University Press}
}
@article{simons2022simple,
  title={Simple scaling laws control the genetic architectures of human complex traits},
  author={Simons, Yuval Benjamin and Mostafavi, Hakhamanesh and Smith, Courtney Jean and Pritchard, Jonathan K and Sella, Guy},
  journal={bioRxiv},
  pages={2022--10},
  year={2022},
  publisher={Cold Spring Harbor Laboratory}
}
@article{walker2022phenotypic,
  title={Phenotypic causal inference using genome-wide association study data: Mendelian randomization and beyond},
  author={Walker, Venexia M and Zheng, Jie and Gaunt, Tom R and Smith, George Davey},
  journal={Annual review of biomedical data science},
  volume={5},
  pages={1--17},
  year={2022},
  publisher={Annual Reviews}
}
@article{li2020electronic,
  title={Electronic health records and polygenic risk scores for predicting disease risk},
  author={Li, Ruowang and Chen, Yong and Ritchie, Marylyn D and Moore, Jason H},
  journal={Nature Reviews Genetics},
  volume={21},
  number={8},
  pages={493--502},
  year={2020},
  publisher={Nature Publishing Group UK London}
}
@article{khan2022genome,
  title={Genome-wide polygenic score to predict chronic kidney disease across ancestries},
  author={Khan, Atlas and Turchin, Michael C and Patki, Amit and Srinivasasainagendra, Vinodh and Shang, Ning and Nadukuru, Rajiv and Jones, Alana C and Malolepsza, Edyta and Dikilitas, Ozan and Kullo, Iftikhar J and others},
  journal={Nature medicine},
  volume={28},
  number={7},
  pages={1412--1420},
  year={2022},
  publisher={Nature Publishing Group US New York}
}
@article{khera2018genome,
  title={Genome-wide polygenic scores for common diseases identify individuals with risk equivalent to monogenic mutations},
  author={Khera, Amit V and Chaffin, Mark and Aragam, Krishna G and Haas, Mary E and Roselli, Carolina and Choi, Seung Hoan and Natarajan, Pradeep and Lander, Eric S and Lubitz, Steven A and Ellinor, Patrick T and others},
  journal={Nature genetics},
  volume={50},
  number={9},
  pages={1219--1224},
  year={2018},
  publisher={Nature Publishing Group US New York}
}
@article{craig2020multitrait,
  title={Multitrait analysis of glaucoma identifies new risk loci and enables polygenic prediction of disease susceptibility and progression},
  author={Craig, Jamie E and Han, Xikun and Qassim, Ayub and Hassall, Mark and Cooke Bailey, Jessica N and Kinzy, Tyler G and Khawaja, Anthony P and An, Jiyuan and Marshall, Henry and Gharahkhani, Puya and others},
  journal={Nature genetics},
  volume={52},
  number={2},
  pages={160--166},
  year={2020},
  publisher={Nature Publishing Group US New York}
}
@article{thompson2022uk,
  title={UK Biobank release and systematic evaluation of optimised polygenic risk scores for 53 diseases and quantitative traits},
  author={Thompson, Deborah J and Wells, Daniel and Selzam, Saskia and Peneva, Iliana and Moore, Rachel and Sharp, Kevin and Tarran, William A and Beard, Edward J and Riveros-Mckay, Fernando and Giner-Delgado, Carla and others},
  journal={MedRxiv},
  pages={2022--06},
  year={2022},
  publisher={Cold Spring Harbor Laboratory Press}
}
@article{reay2021advancing,
  title={Advancing the use of genome-wide association studies for drug repurposing},
  author={Reay, William R and Cairns, Murray J},
  journal={Nature Reviews Genetics},
  volume={22},
  number={10},
  pages={658--671},
  year={2021},
  publisher={Nature Publishing Group UK London}
}
@article{pairo2021genetic,
  title={Genetic mechanisms of critical illness in COVID-19},
  author={Pairo-Castineira, Erola and Clohisey, Sara and Klaric, Lucija and Bretherick, Andrew D and Rawlik, Konrad and Pasko, Dorota and Walker, Susan and Parkinson, Nick and Fourman, Max Head and Russell, Clark D and others},
  journal={Nature},
  volume={591},
  number={7848},
  pages={92--98},
  year={2021},
  publisher={Nature Publishing Group UK London}
}
@article{fuchsberger2016genetic,
  title={The genetic architecture of type 2 diabetes},
  author={Fuchsberger, Christian and Flannick, Jason and Teslovich, Tanya M and Mahajan, Anubha and Agarwala, Vineeta and Gaulton, Kyle J and Ma, Clement and Fontanillas, Pierre and Moutsianas, Loukas and McCarthy, Davis J and others},
  journal={Nature},
  volume={536},
  number={7614},
  pages={41--47},
  year={2016},
  publisher={Nature Publishing Group UK London}
}
@article{blauwendraat2020genetic,
  title={The genetic architecture of Parkinson's disease},
  author={Blauwendraat, Cornelis and Nalls, Mike A and Singleton, Andrew B},
  journal={The Lancet Neurology},
  volume={19},
  number={2},
  pages={170--178},
  year={2020},
  publisher={Elsevier}
}
@article{yengo2022saturated,
  title={A saturated map of common genetic variants associated with human height},
  author={Yengo, Lo{\"\i}c and Vedantam, Sailaja and Marouli, Eirini and Sidorenko, Julia and Bartell, Eric and Sakaue, Saori and Graff, Marielisa and Eliasen, Anders U and Jiang, Yunxuan and Raghavan, Sridharan and others},
  journal={Nature},
  volume={610},
  number={7933},
  pages={704--712},
  year={2022},
  publisher={Nature Publishing Group UK London}
}
@article{wray2018genome,
  title={Genome-wide association analyses identify 44 risk variants and refine the genetic architecture of major depression},
  author={Wray, Naomi R and Ripke, Stephan and Mattheisen, Manuel and Trzaskowski, Maciej and Byrne, Enda M and Abdellaoui, Abdel and Adams, Mark J and Agerbo, Esben and Air, Tracy M and Andlauer, Till MF and others},
  journal={Nature genetics},
  volume={50},
  number={5},
  pages={668--681},
  year={2018},
  publisher={Nature Publishing Group}
}
@article{jakobsdottir2013mastor,
  title={MASTOR: mixed-model association mapping of quantitative traits in samples with related individuals},
  author={Jakobsdottir, Johanna and McPeek, Mary Sara},
  journal={The American Journal of Human Genetics},
  volume={92},
  number={5},
  pages={652--666},
  year={2013},
  publisher={Elsevier}
}
@article{o2019extreme,
  title={Extreme polygenicity of complex traits is explained by negative selection},
  author={O'Connor, Luke J and Schoech, Armin P and Hormozdiari, Farhad and Gazal, Steven and Patterson, Nick and Price, Alkes L},
  journal={The American Journal of Human Genetics},
  volume={105},
  number={3},
  pages={456--476},
  year={2019},
  publisher={Elsevier}
}
@article{stahl2012bayesian,
  title={Bayesian inference analyses of the polygenic architecture of rheumatoid arthritis},
  author={Stahl, Eli A and Wegmann, Daniel and Trynka, Gosia and Gutierrez-Achury, Javier and Do, Ron and Voight, Benjamin F and Kraft, Peter and Chen, Robert and Kallberg, Henrik J and Kurreeman, Fina AS and others},
  journal={Nature genetics},
  volume={44},
  number={5},
  pages={483--489},
  year={2012},
  publisher={Nature Publishing Group US New York}
}
@article{firth1993bias,
  title={Bias reduction of maximum likelihood estimates},
  author={Firth, David},
  journal={Biometrika},
  volume={80},
  number={1},
  pages={27--38},
  year={1993},
  publisher={Oxford University Press}
}
@article{daniels1954saddlepoint,
  title={Saddlepoint approximations in statistics},
  author={Daniels, Henry E},
  journal={The Annals of Mathematical Statistics},
  pages={631--650},
  year={1954},
  publisher={JSTOR}
}
@article{jostins2012host,
  title={Host--microbe interactions have shaped the genetic architecture of inflammatory bowel disease},
  author={Jostins, Luke and Ripke, Stephan and Weersma, Rinse K and Duerr, Richard H and McGovern, Dermot P and Hui, Ken Y and Lee, James C and Philip Schumm, L and Sharma, Yashoda and Anderson, Carl A and others},
  journal={Nature},
  volume={491},
  number={7422},
  pages={119--124},
  year={2012},
  publisher={Nature Publishing Group UK London}
}
@article{de2017genome,
  title={Genome-wide association study implicates immune activation of multiple integrin genes in inflammatory bowel disease},
  author={De Lange, Katrina M and Moutsianas, Loukas and Lee, James C and Lamb, Christopher A and Luo, Yang and Kennedy, Nicholas A and Jostins, Luke and Rice, Daniel L and Gutierrez-Achury, Javier and Ji, Sun-Gou and others},
  journal={Nature genetics},
  volume={49},
  number={2},
  pages={256--261},
  year={2017},
  publisher={Nature Publishing Group US New York}
}
@inproceedings{hammersley1956new,
  title={A new Monte Carlo technique: antithetic variates},
  author={Hammersley, JM and Morton, KW},
  booktitle={Mathematical proceedings of the Cambridge philosophical society},
  volume={52},
  number={3},
  pages={449--475},
  year={1956},
  organization={Cambridge University Press}
}
@article{pellegrini2017understanding,
  title={Understanding the molecular genetics of basal cell carcinoma},
  author={Pellegrini, Cristina and Maturo, Maria Giovanna and Di Nardo, Lucia and Ciciarelli, Valeria and Gutierrez Garcia-Rodrigo, Carlota and Fargnoli, Maria Concetta},
  journal={International journal of molecular sciences},
  volume={18},
  number={11},
  pages={2485},
  year={2017},
  publisher={MDPI}
}
@article{zhu2024ARGRHE,
  title={Fast variance component analysis using large-scale ancestral recombination graphs},
  author={Zhu, Jiazheng and Kalantzis, Georgios and Pazokitoroudi, Ali and Loya, Hrushikesh and Chen, Han and Sankararaman, Sriram and Palamara, Pier Francesco},
  year={Submitted}
}
@misc{kalantzis2023thesis,
author = {Kalantzis, Georgios},
copyright = {Open access},
keywords = {Statistical genetics},
organization = {PhD thesis, University of Oxford},
title = {``{M}ethods for large-scale genome-wide association studies"},
year = {2022},
}

@article{finucane2015partitioning,
  title={Partitioning heritability by functional annotation using genome-wide association summary statistics},
  author={Finucane, Hilary K and Bulik-Sullivan, Brendan and Gusev, Alexander and Trynka, Gosia and Reshef, Yakir and Loh, Po-Ru and Anttila, Verneri and Xu, Han and Zang, Chongzhi and Farh, Kyle and others},
  journal={Nature genetics},
  volume={47},
  number={11},
  pages={1228--1235},
  year={2015},
  publisher={Nature Publishing Group US New York}
}

@article{dhindsa2023rare,
  title={Rare variant associations with plasma protein levels in the UK Biobank},
  author={Dhindsa, Ryan S and Burren, Oliver S and Sun, Benjamin B and Prins, Bram P and Matelska, Dorota and Wheeler, Eleanor and Mitchell, Jonathan and Oerton, Erin and Hristova, Ventzislava A and Smith, Katherine R and others},
  journal={Nature},
  volume={622},
  number={7982},
  pages={339--347},
  year={2023},
  publisher={Nature Publishing Group UK London}
}
@article{ruan2022improving,
  title={Improving polygenic prediction in ancestrally diverse populations},
  author={Ruan, Yunfeng and Lin, Yen-Feng and Feng, Yen-Chen Anne and Chen, Chia-Yen and Lam, Max and Guo, Zhenglin and He, Lin and Sawa, Akira and Martin, Alicia R and others},
  journal={Nature genetics},
  volume={54},
  number={5},
  pages={573--580},
  year={2022},
  publisher={Nature Publishing Group US New York}
}
@article{euesden2015prsice,
  title={PRSice: polygenic risk score software},
  author={Euesden, Jack and Lewis, Cathryn M and O’reilly, Paul F},
  journal={Bioinformatics},
  volume={31},
  number={9},
  pages={1466--1468},
  year={2015},
  publisher={Oxford University Press}
}
@article{ge2019polygenic,
  title={Polygenic prediction via Bayesian regression and continuous shrinkage priors},
  author={Ge, Tian and Chen, Chia-Yen and Ni, Yang and Feng, Yen-Chen Anne and Smoller, Jordan W},
  journal={Nature communications},
  volume={10},
  number={1},
  pages={1776},
  year={2019},
  publisher={Nature Publishing Group UK London}
}
@article{schoeler2023participation,
  title={Participation bias in the UK Biobank distorts genetic associations and downstream analyses},
  author={Schoeler, Tabea and Speed, Doug and Porcu, Eleonora and Pirastu, Nicola and Pingault, Jean-Baptiste and Kutalik, Zolt{\'a}n},
  journal={Nature Human Behaviour},
  volume={7},
  number={7},
  pages={1216--1227},
  year={2023},
  publisher={Nature Publishing Group UK London}
}
@article{mindell2012cohort,
  title={Cohort profile: the health survey for England},
  author={Mindell, Jennifer and Biddulph, Jane P and Hirani, Vasant and Stamatakis, Emanuel and Craig, Rachel and Nunn, Susan and Shelton, Nicola},
  journal={International journal of epidemiology},
  volume={41},
  number={6},
  pages={1585--1593},
  year={2012},
  publisher={Oxford University Press}
}
@misc{onsCensusMicrodata,
	author = {},
	title = {{C}ensus microdata - {O}ffice for {N}ational {S}tatistics --- ons.gov.uk},
	howpublished = {\url{https://www.ons.gov.uk/census/2011census/2011censusdata/censusmicrodata}},
	year = {},
	note = {[Accessed 13-05-2024]},
}
@article{kurki2023finngen,
  title={FinnGen provides genetic insights from a well-phenotyped isolated population},
  author={Kurki, Mitja I and Karjalainen, Juha and Palta, Priit and Sipil{\"a}, Timo P and Kristiansson, Kati and Donner, Kati M and Reeve, Mary P and Laivuori, Hannele and Aavikko, Mervi and Kaunisto, Mari A and others},
  journal={Nature},
  volume={613},
  number={7944},
  pages={508--518},
  year={2023},
  publisher={Nature Publishing Group UK London}
}
@article{bennett2021controlling,
  title={Controlling for background genetic effects using polygenic scores improves the power of genome-wide association studies},
  author={Bennett, Declan and O’Shea, Donal and Ferguson, John and Morris, Derek and Seoighe, Cathal},
  journal={Scientific Reports},
  volume={11},
  number={1},
  pages={19571},
  year={2021},
  publisher={Nature Publishing Group UK London}
}
@article{campos2023boosting,
  title={Boosting the power of genome-wide association studies within and across ancestries by using polygenic scores},
  author={Campos, Adrian I and Namba, Shinichi and Lin, Shu-Chin and Nam, Kisung and Sidorenko, Julia and Wang, Huanwei and Kamatani, Yoichiro and Biobank Japan Project and Wang, Ling-Hua and Lee, Seunggeun and others},
  journal={Nature Genetics},
  volume={55},
  number={10},
  pages={1769--1776},
  year={2023},
  publisher={Nature Publishing Group US New York}
}
@article{jurgens2023adjusting,
  title={Adjusting for common variant polygenic scores improves yield in rare variant association analyses},
  author={Jurgens, Sean J and Pirruccello, James P and Choi, Seung Hoan and Morrill, Valerie N and Chaffin, Mark and Lubitz, Steven A and Lunetta, Kathryn L and Ellinor, Patrick T},
  journal={Nature Genetics},
  volume={55},
  number={4},
  pages={544--548},
  year={2023},
  publisher={Nature Publishing Group US New York}
}
@article{pirastu2021genetic,
  title={Genetic analyses identify widespread sex-differential participation bias},
  author={Pirastu, Nicola and Cordioli, Mattia and Nandakumar, Priyanka and Mignogna, Gianmarco and Abdellaoui, Abdel and Hollis, Benjamin and Kanai, Masahiro and Rajagopal, Veera M and Parolo, Pietro Della Briotta and Baya, Nikolas and others},
  journal={Nature Genetics},
  volume={53},
  number={5},
  pages={663--671},
  year={2021},
  publisher={Nature Publishing Group US New York}
}
@article{benonisdottir2023studying,
  title={Studying the genetics of participation using footprints left on the ascertained genotypes},
  author={Benonisdottir, Stefania and Kong, Augustine},
  journal={Nature Genetics},
  volume={55},
  number={8},
  pages={1413--1420},
  year={2023},
  publisher={Nature Publishing Group US New York}
}
%%%%%%%%%%%%%%%%%%%%%%%%%%%%%%%%%%%%%%%%%%%%%%%%%%%%%%%%%%%%%%%%%%%%%%%%%%%%%%%%%%%%%%%%%%%%%%

@article{mallick2016simons,
  title={The Simons genome diversity project: 300 genomes from 142 diverse populations},
  author={Mallick, Swapan and Li, Heng and Lipson, Mark and Mathieson, Iain and Gymrek, Melissa and Racimo, Fernando and Zhao, Mengyao and Chennagiri, Niru and Nordenfelt, Susanne and Tandon, Arti and others},
  journal={Nature},
  volume={538},
  number={7624},
  pages={201--206},
  year={2016},
  publisher={Nature Publishing Group UK London}
}

@article{koenig2024harmonized,
  title={A harmonized public resource of deeply sequenced diverse human genomes},
  author={Koenig, Zan and Yohannes, Mary T and Nkambule, Lethukuthula L and Zhao, Xuefang and Goodrich, Julia K and Kim, Heesu Ally and Wilson, Michael W and Tiao, Grace and Hao, Stephanie P and Sahakian, Nareh and others},
  journal={Genome Research},
  year={2024},
  publisher={Cold Spring Harbor Lab}
}

@article{cann2002human,
  title={A human genome diversity cell line panel},
  author={Cann, Howard M and De Toma, Claudia and Cazes, Lucien and Legrand, Marie-Fernande and Morel, Valerie and Piouffre, Laurence and Bodmer, Julia and Bodmer, Walter F and Bonne-Tamir, Batsheva and Cambon-Thomsen, Anne and others},
  journal={Science},
  volume={296},
  number={5566},
  pages={261--262},
  year={2002},
  publisher={American Association for the Advancement of Science}
}

@article{bergstrom2020insights,
  title={Insights into human genetic variation and population history from 929 diverse genomes},
  author={Bergstr{\"o}m, Anders and McCarthy, Shane A and Hui, Ruoyun and Almarri, Mohamed A and Ayub, Qasim and Danecek, Petr and Chen, Yuan and Felkel, Sabine and Hallast, Pille and Kamm, Jack and others},
  journal={Science},
  volume={367},
  number={6484},
  pages={eaay5012},
  year={2020},
  publisher={American Association for the Advancement of Science}
}

@article{sudmant2015integrated,
  title={An integrated map of structural variation in 2,504 human genomes},
  author={Sudmant, Peter H and Rausch, Tobias and Gardner, Eugene J and Handsaker, Robert E and Abyzov, Alexej and Huddleston, John and Zhang, Yan and Ye, Kai and Jun, Goo and Hsi-Yang Fritz, Markus and others},
  journal={Nature},
  volume={526},
  number={7571},
  pages={75--81},
  year={2015},
  publisher={Nature Publishing Group UK London}
}
@article{mallick2024allen,
  title={The Allen Ancient DNA Resource (AADR) a curated compendium of ancient human genomes},
  author={Mallick, Swapan and Micco, Adam and Mah, Matthew and Ringbauer, Harald and Lazaridis, Iosif and Olalde, I{\~n}igo and Patterson, Nick and Reich, David},
  journal={Scientific Data},
  volume={11},
  number={1},
  pages={182},
  year={2024},
  publisher={Nature Publishing Group UK London}
}

@article{skov2018detecting,
  title={Detecting archaic introgression using an unadmixed outgroup},
  author={Skov, Laurits and Hui, Ruoyun and Shchur, Vladimir and Hobolth, Asger and Scally, Aylwyn and Schierup, Mikkel Heide and Durbin, Richard},
  journal={PLoS genetics},
  volume={14},
  number={9},
  pages={e1007641},
  year={2018},
  publisher={Public Library of Science San Francisco, CA USA}
}
@article{yu2002larger,
  title={Larger genetic differences within Africans than between Africans and Eurasians},
  author={Yu, Ning and Chen, Feng-Chi and Ota, Satoshi and Jorde, Lynn B and Pamilo, Pekka and Patthy, Laszlo and Ramsay, Michele and Jenkins, Trefor and Shyue, Song-Kun and Li, Wen-Hsiung},
  journal={Genetics},
  volume={161},
  number={1},
  pages={269--274},
  year={2002},
  publisher={Oxford University Press}
}

@article{tierney2017rainfall,
  title={Rainfall regimes of the Green Sahara},
  author={Tierney, Jessica E and Pausata, Francesco SR and deMenocal, Peter B},
  journal={Science advances},
  volume={3},
  number={1},
  pages={e1601503},
  year={2017},
  publisher={American Association for the Advancement of Science}
}

@article{larrasoana2013dynamics,
  title={Dynamics of green Sahara periods and their role in hominin evolution},
  author={Larrasoa{\~n}a, Juan C and Roberts, Andrew P and Rohling, Eelco J},
  journal={PloS one},
  volume={8},
  number={10},
  pages={e76514},
  year={2013},
  publisher={Public Library of Science San Francisco, USA}
}

@article{pickrell2014ancient,
  title={Ancient west Eurasian ancestry in southern and eastern Africa},
  author={Pickrell, Joseph K and Patterson, Nick and Loh, Po-Ru and Lipson, Mark and Berger, Bonnie and Stoneking, Mark and Pakendorf, Brigitte and Reich, David},
  journal={Proceedings of the National Academy of Sciences},
  volume={111},
  number={7},
  pages={2632--2637},
  year={2014},
  publisher={National Acad Sciences}
}

@article{llorente2015ancient,
  title={Ancient Ethiopian genome reveals extensive Eurasian admixture in Eastern Africa},
  author={Llorente, M Gallego and Jones, Eppie Ruth and Eriksson, Anders and Siska, V and Arthur, Kathryn Weedman and Arthur, John W and Curtis, Matthew C and Stock, Jay T and Coltorti, M and Pieruccini, P and others},
  journal={Science},
  volume={350},
  number={6262},
  pages={820--822},
  year={2015},
  publisher={American Association for the Advancement of Science}
}

@article{chen2020identifying,
  title={Identifying and interpreting apparent Neanderthal ancestry in African individuals},
  author={Chen, Lu and Wolf, Aaron B and Fu, Wenqing and Li, Liming and Akey, Joshua M},
  journal={Cell},
  volume={180},
  number={4},
  pages={677--687},
  year={2020},
  publisher={Elsevier}
}

@article{pickrell2012genetic,
  title={The genetic prehistory of southern Africa},
  author={Pickrell, Joseph K and Patterson, Nick and Barbieri, Chiara and Berthold, Falko and Gerlach, Linda and G{\"u}ldemann, Tom and Kure, Blesswell and Mpoloka, Sununguko Wata and Nakagawa, Hirosi and Naumann, Christfried and others},
  journal={Nature communications},
  volume={3},
  number={1},
  pages={1143},
  year={2012},
  publisher={Nature Publishing Group UK London}
}
@article{vernot2016excavating,
  title={Excavating Neandertal and Denisovan DNA from the genomes of Melanesian individuals},
  author={Vernot, Benjamin and Tucci, Serena and Kelso, Janet and Schraiber, Joshua G and Wolf, Aaron B and Gittelman, Rachel M and Dannemann, Michael and Grote, Steffi and McCoy, Rajiv C and Norton, Heather and others},
  journal={Science},
  volume={352},
  number={6282},
  pages={235--239},
  year={2016},
  publisher={American Association for the Advancement of Science}
}

@article{van2018pleistocene,
  title={Pleistocene North African genomes link near Eastern and sub-Saharan African human populations},
  author={Van de Loosdrecht, Marieke and Bouzouggar, Abdeljalil and Humphrey, Louise and Posth, Cosimo and Barton, Nick and Aximu-Petri, Ayinuer and Nickel, Birgit and Nagel, Sarah and Talbi, El Hassan and El Hajraoui, Mohammed Abdeljalil and others},
  journal={Science},
  volume={360},
  number={6388},
  pages={548--552},
  year={2018},
  publisher={American Association for the Advancement of Science}
}

@article{simoes2023northwest,
  title={Northwest African Neolithic initiated by migrants from Iberia and Levant},
  author={Sim{\~o}es, Luciana G and G{\"u}nther, Torsten and Mart{\'\i}nez-S{\'a}nchez, Rafael M and Vera-Rodr{\'\i}guez, Juan Carlos and Iriarte, Eneko and Rodr{\'\i}guez-Varela, Ricardo and Bokbot, Youssef and Valdiosera, Cristina and Jakobsson, Mattias},
  journal={Nature},
  volume={618},
  number={7965},
  pages={550--556},
  year={2023},
  publisher={Nature Publishing Group UK London}
}

@article{fregel2018ancient,
  title={Ancient genomes from North Africa evidence prehistoric migrations to the Maghreb from both the Levant and Europe},
  author={Fregel, Rosa and M{\'e}ndez, Fernando L and Bokbot, Youssef and Mart{\'\i}n-Socas, Dimas and Camalich-Massieu, Mar{\'\i}a D and Santana, Jonathan and Morales, Jacob and {\'A}vila-Arcos, Mar{\'\i}a C and Underhill, Peter A and Shapiro, Beth and others},
  journal={Proceedings of the National Academy of Sciences},
  volume={115},
  number={26},
  pages={6774--6779},
  year={2018},
  publisher={National Acad Sciences}
}

@book{darwin1874descent,
  title={The descent of man},
  author={Darwin, Charles and Griffith, Tom},
  volume={4},
  year={1874},
  publisher={Prometheus Books New York}
}

@article{lopez2015human,
  title={Human dispersal out of Africa: a lasting debate},
  author={L{\'o}pez, Saioa and Van Dorp, Lucy and Hellenthal, Garrett},
  journal={Evolutionary Bioinformatics},
  volume={11},
  pages={EBO--S33489},
  year={2015},
  publisher={SAGE Publications Sage UK: London, England}
}

@article{jacobs2019multiple,
  title={Multiple deeply divergent Denisovan ancestries in Papuans},
  author={Jacobs, Guy S and Hudjashov, Georgi and Saag, Lauri and Kusuma, Pradiptajati and Darusallam, Chelzie C and Lawson, Daniel J and Mondal, Mayukh and Pagani, Luca and Ricaut, Fran{\c{c}}ois-Xavier and Stoneking, Mark and others},
  journal={Cell},
  volume={177},
  number={4},
  pages={1010--1021},
  year={2019},
  publisher={Elsevier}
}

@article{reich2010genetic,
  title={Genetic history of an archaic hominin group from Denisova Cave in Siberia},
  author={Reich, David and Green, Richard E and Kircher, Martin and Krause, Johannes and Patterson, Nick and Durand, Eric Y and Viola, Bence and Briggs, Adrian W and Stenzel, Udo and Johnson, Philip LF and others},
  journal={Nature},
  volume={468},
  number={7327},
  pages={1053--1060},
  year={2010},
  publisher={Nature Publishing Group UK London}
}
@article{severinghaus1999abrupt,
  title={Abrupt climate change at the end of the last glacial period inferred from trapped air in polar ice},
  author={Severinghaus, Jeffrey P and Brook, Edward J},
  journal={Science},
  volume={286},
  number={5441},
  pages={930--934},
  year={1999},
  publisher={American Association for the Advancement of Science}
}
@article{skoglund2016genomic,
  title={A genomic view of the peopling of the Americas},
  author={Skoglund, Pontus and Reich, David},
  journal={Current opinion in genetics \& development},
  volume={41},
  pages={27--35},
  year={2016},
  publisher={Elsevier}
}

@article{uffelmann2021genome,
  title={Genome-wide association studies},
  author={Uffelmann, Emil and Huang, Qin Qin and Munung, Nchangwi Syntia and De Vries, Jantina and Okada, Yukinori and Martin, Alicia R and Martin, Hilary C and Lappalainen, Tuuli and Posthuma, Danielle},
  journal={Nature Reviews Methods Primers},
  volume={1},
  number={1},
  pages={59},
  year={2021},
  publisher={Nature Publishing Group UK London}
}

@misc{Wang, title={Fine-mapping example}, url={https://stephenslab.github.io/susieR/articles/finemapping.html}, journal={• susieR}, author={Wang, Gao}} 

@article{wand2021improving,
  title={Improving reporting standards for polygenic scores in risk prediction studies},
  author={Wand, Hannah and Lambert, Samuel A and Tamburro, Cecelia and Iacocca, Michael A and O’Sullivan, Jack W and Sillari, Catherine and Kullo, Iftikhar J and Rowley, Robb and Dron, Jacqueline S and Brockman, Deanna and others},
  journal={Nature},
  volume={591},
  number={7849},
  pages={211--219},
  year={2021},
  publisher={Nature Publishing Group UK London}
}

@article{day1969early,
  title={Early Homo sapiens remains from the Omo River region of south-west Ethiopia: Omo human skeletal remains},
  author={Day, MH},
  journal={Nature},
  volume={222},
  number={5199},
  pages={1135--1138},
  year={1969},
  publisher={Nature Publishing Group UK London}
}

@article{hublin2017new,
  title={New fossils from Jebel Irhoud, Morocco and the pan-African origin of Homo sapiens},
  author={Hublin, Jean-Jacques and Ben-Ncer, Abdelouahed and Bailey, Shara E and Freidline, Sarah E and Neubauer, Simon and Skinner, Matthew M and Bergmann, Inga and Le Cabec, Adeline and Benazzi, Stefano and Harvati, Katerina and others},
  journal={Nature},
  volume={546},
  number={7657},
  pages={289--292},
  year={2017},
  publisher={Nature Publishing Group UK London}
}

@article{tishkoff2009genetic,
  title={The genetic structure and history of Africans and African Americans},
  author={Tishkoff, Sarah A and Reed, Floyd A and Friedlaender, Fran{\c{c}}oise R and Ehret, Christopher and Ranciaro, Alessia and Froment, Alain and Hirbo, Jibril B and Awomoyi, Agnes A and Bodo, Jean-Marie and Doumbo, Ogobara and others},
  journal={science},
  volume={324},
  number={5930},
  pages={1035--1044},
  year={2009},
  publisher={American Association for the Advancement of Science}
}

@article{scerri2019beyond,
  title={Beyond multiregional and simple out-of-Africa models of human evolution},
  author={Scerri, Eleanor ML and Chikhi, Loun{\`e}s and Thomas, Mark G},
  journal={Nature ecology \& evolution},
  volume={3},
  number={10},
  pages={1370--1372},
  year={2019},
  publisher={Nature Publishing Group UK London}
}

@article{ragsdale2019models,
  title={Models of archaic admixture and recent history from two-locus statistics},
  author={Ragsdale, Aaron P and Gravel, Simon},
  journal={PLoS genetics},
  volume={15},
  number={6},
  pages={e1008204},
  year={2019},
  publisher={Public Library of Science San Francisco, CA USA}
}

@article{hammer2011genetic,
  title={Genetic evidence for archaic admixture in Africa},
  author={Hammer, Michael F and Woerner, August E and Mendez, Fernando L and Watkins, Joseph C and Wall, Jeffrey D},
  journal={Proceedings of the National Academy of Sciences},
  volume={108},
  number={37},
  pages={15123--15128},
  year={2011},
  publisher={National Acad Sciences}
}

@article{lorente2019whole,
  title={Whole-genome sequence analysis of a Pan African set of samples reveals archaic gene flow from an extinct basal population of modern humans into sub-Saharan populations},
  author={Lorente-Galdos, Belen and Lao, Oscar and Serra-Vidal, Gerard and Santpere, Gabriel and Kuderna, Lukas FK and Arauna, Lara R and Fadhlaoui-Zid, Karima and Pimenoff, Ville N and Soodyall, Himla and Zalloua, Pierre and others},
  journal={Genome biology},
  volume={20},
  pages={1--15},
  year={2019},
  publisher={Springer}
}

@article{durvasula2020recovering,
  title={Recovering signals of ghost archaic introgression in African populations},
  author={Durvasula, Arun and Sankararaman, Sriram},
  journal={Science Advances},
  volume={6},
  number={7},
  pages={eaax5097},
  year={2020},
  publisher={American Association for the Advancement of Science}
}

@article{ragsdale2023weakly,
  title={A weakly structured stem for human origins in Africa},
  author={Ragsdale, Aaron P and Weaver, Timothy D and Atkinson, Elizabeth G and Hoal, Eileen G and M{\"o}ller, Marlo and Henn, Brenna M and Gravel, Simon},
  journal={Nature},
  volume={617},
  number={7962},
  pages={755--763},
  year={2023},
  publisher={Nature Publishing Group UK London}
}
@article{hollfelder2021deep,
  title={The deep population history in Africa},
  author={Hollfelder, Nina and Breton, Gwenna and Sj{\"o}din, Per and Jakobsson, Mattias},
  journal={Human Molecular Genetics},
  volume={30},
  number={R1},
  pages={R2--R10},
  year={2021},
  publisher={Oxford University Press}
}
@article{lipson2022ancient,
  title={Ancient DNA and deep population structure in sub-Saharan African foragers},
  author={Lipson, Mark and Sawchuk, Elizabeth A and Thompson, Jessica C and Oppenheimer, Jonas and Tryon, Christian A and Ranhorn, Kathryn L and De Luna, Kathryn M and Sirak, Kendra A and Olalde, I{\~n}igo and Ambrose, Stanley H and others},
  journal={Nature},
  volume={603},
  number={7900},
  pages={290--296},
  year={2022},
  publisher={Nature Publishing Group UK London}
}

@article{cousins2024structured,
  title={A structured coalescent model reveals deep ancestral structure shared by all modern humans},
  author={Cousins, Trevor and Scally, Aylwyn and Durbin, Richard},
  journal={bioRxiv},
  pages={2024--03},
  year={2024},
  publisher={Cold Spring Harbor Laboratory}
}

@article{schlebusch2017southern,
  title={Southern African ancient genomes estimate modern human divergence to 350,000 to 260,000 years ago},
  author={Schlebusch, Carina M and Malmstr{\"o}m, Helena and G{\"u}nther, Torsten and Sj{\"o}din, Per and Coutinho, Alexandra and Edlund, Hanna and Munters, Arielle R and Vicente, M{\'a}rio and Steyn, Maryna and Soodyall, Himla and others},
  journal={Science},
  volume={358},
  number={6363},
  pages={652--655},
  year={2017},
  publisher={American Association for the Advancement of Science}
}

@article{lipson2020ancient,
  title={Ancient West African foragers in the context of African population history},
  author={Lipson, Mark and Ribot, Isabelle and Mallick, Swapan and Rohland, Nadin and Olalde, I{\~n}igo and Adamski, Nicole and Broomandkhoshbacht, Nasreen and Lawson, Ann Marie and L{\'o}pez, Saioa and Oppenheimer, Jonas and others},
  journal={Nature},
  volume={577},
  number={7792},
  pages={665--670},
  year={2020},
  publisher={Nature Publishing Group}
}

